3254 5032
750 351 942 412 ..4-

768 512 883 588 Capul
905 512 929 572 Ι.

489 624 548 688 De
571 623 613 688 L.
637 624 748 688 Aelii
772 623 1020 688 nominibus
1045 623 1087 685 ei
1109 622 1210 686 uita.

351 743 447 820 Atque
472 753 505 801 ut
527 743 656 819 prlmum
677 741 713 800 de
733 743 875 800 nomine
895 743 960 800 eius
979 740 1169 817 disseramus,
1188 740 1224 799 de
1243 742 1434 817 praenomine

264 859 322 899 non
350 839 441 898 multa
471 839 610 899 uidentur
634 838 757 897 dicenda
781 856 856 898 esse.
893 837 984 896 Recte
1009 839 1087 896 enim
1106 835 1231 897 Lucium
1255 839 1319 896 eins
1343 838 1435 898 luisse

262 953 442 1012 praenomen
462 933 611 994 Heusdins
631 935 781 996 concludit
800 954 816 994 e
834 935 898 994 loco
918 933 1057 994 Varronis
1076 933 1112 993 de
1132 933 1201 1012 ling.
1220 933 1282 993 Lat.
1299 933 1363 993 VIII
1378 931 1435 994 81:

264 1028 369 1105 ‘Quod
388 1035 416 1092 si
433 1033 562 1092 Marcus
582 1033 744 1108 Perpenna
763 1035 855 1092 uirile
874 1039 918 1092 est
936 1049 1043 1092 nomen
1062 1039 1090 1090 et
1109 1035 1254 1106 analogia
1273 1033 1435 1105 sequentia,

171 1188 175 1196 ,
264 1131 378 1190 Lucius
392 1131 479 1190 Aelia
494 1136 524 1188 et
541 1130 669 1201 Quintus
685 1131 791 1189 Mucia
810 1133 916 1189 uirilla
935 1133 1057 1189 nomina
1077 1148 1141 1188 esse
1158 1123 1326 1188 debebunt?
1359 1128 1435 1199 Quo·

263 1245 330 1287 cum
350 1227 541 1286 consentiunt
554 1225 612 1284 loci
631 1225 673 1285 illi
694 1235 829 1286 ueterum
850 1227 1038 1306 scriptorum,
1057 1225 1109 1286 uhi
1128 1233 1178 1285 ant
1193 1225 1225 1284 L.
1241 1227 1344 1286 Aelius
1362 1227 1435 1285 Stilo

262 1332 313 1384 aut
336 1324 486 1402 frequenti
508 1322 698 1383 librariorum
723 1326 795 1383 uitio
815 1323 938 1384 laelius
957 1325 1031 1383 Salio
1056 1325 1233 1383 nominatur.
1284 1321 1326 1383 ct.
1350 1325 1435 1382 testi-

264 1423 358 1481 monia
383 1421 459 1479 infra
483 1422 643 1499 proposita.

352 1517 392 1577 lle
412 1521 554 1577 nomine
574 1521 638 1578 eius
657 1518 785 1597 gentili
805 1517 878 1577 nihil
897 1517 1054 1577 dicendum
1074 1524 1131 1576 est:
1153 1518 1343 1594 nequeenim
1359 1534 1435 1603 'quo-

264 1615 349 1674 modo
370 1633 437 1675 cum
458 1617 566 1675 ceteris
580 1616 670 1675 Aeliis
690 1618 867 1675 coniunctus
888 1615 978 1675 luerit
993 1613 1149 1673 enucleare
1164 1631 1323 1692 possumus
1338 1630 1434 1690 neque

265 1711 331 1771 talis
356 1714 489 1791 quaestio
512 1714 544 1771 in
567 1715 686 1772 nornine
711 1711 865 1773 tractando
889 1711 1075 1770 diiudicanda
1100 1719 1156 1772 est.
1222 1787 1227 1798 1

351 1808 566 1888 Cognomina
590 1811 654 1870 eius
670 1819 754 1870 erant
769 1812 980 1870 Praeconinus
994 1816 1025 1867 et
1039 1809 1114 1868 Stilo
1126 1804 1221 1881 (Suet.
1232 1809 1268 1868 de
1284 1805 1435 1886 gramnr.3

263 1933 304 1956 =
321 1915 387 1966 test.
404 1900 451 1988 2).
494 1906 695 1968 Praeconinus
718 1907 843 1969 testibus
871 1906 1013 1966 Suetonio
1039 1902 1075 1985 (l.
1097 1897 1140 1984 c.)
1162 1914 1191 1964 et
1219 1904 1314 1964 Plinio
1339 1899 1387 1982 (ll.
1402 1903 1434 1964 N.

265 2001 387 2062 XXXIII
411 2000 453 2063 29
476 2031 515 2052 =
540 2013 606 2064 test.
626 1999 661 2086 3)
684 2004 721 2065 ab
745 2023 780 2065 eo
803 2003 972 2083 dicebatur,
1005 2003 1083 2081 quod
1112 2010 1195 2080 pater
1224 2003 1287 2060 eitrs
1315 2019 1435 2079 praeco-

264 2104 344 2162 nium
361 2101 480 2180 lecerat,
494 2104 607 2161 rariore
623 2103 750 2180 quodam
765 2101 936 2162 nominandi
951 2119 1075 2178 genere:
1089 2118 1156 2159 nam
1171 2118 1238 2160 cum
1254 2098 1324 2158 alias
1338 2107 1435 2178 patro-

263 2201 377 2276 nymica
406 2218 422 2258 a
447 2201 539 2276 patris
564 2199 611 2258 nel
634 2201 737 2259 matris
761 2201 880 2259 nomine
905 2196 1006 2276 gentili
1036 2196 1083 2256 uel
1108 2199 1282 2275 cognomine
1306 2196 1437 2256 deriuari

265 2296 411 2377 solerent,
436 2304 468 2356 ut
492 2297 689 2377 Messallam,
709 2298 918 2370 Marcellinus,
942 2295 998 2354 hoc
1022 2293 1096 2354 Aelii
1120 2310 1282 2372 cognomen
1306 2311 1321 2351 a
1346 2295 1437 2370 patris

265 2394 363 2454 cilicio
387 2396 548 2473 repetitum
567 2395 696 2455 uidetur.
734 2394 818 2464 Qtrod
844 2397 886 2453 sic
904 2393 975 2452 mihi
989 2391 1110 2453 uidetur
1128 2409 1216 2470 posse
1236 2389 1385 2470 explicari,
1403 2398 1438 2449 nt

263 2493 321 2550 iam
341 2499 455 2570 patrem
475 2490 596 2550 Stilonis
615 2499 737 2570 propter
757 2491 887 2550 officium
907 2508 994 2549 snum
1014 2491 1239 2549 Praeconinurn
1258 2487 1435 2566 appellatum

264 2606 424 2666 sumamus,
443 2587 520 2666 qnod
540 2606 703 2666 cognomen
718 2588 834 2669 deinde,
853 2595 886 2647 ut
902 2586 992 2646 multa
1011 2586 1066 2646 alia
1086 2587 1269 2663 cognomina,
1288 2584 1324 2643 acl
1344 2583 1435 2644 filium

263 2687 423 2746 transierit.
457 2684 540 2755 Quod
561 2703 634 2745 uero
653 2685 710 2745 hoc
729 2703 892 2764 cognomen
913 2686 1005 2762 patrls
1024 2684 1115 2744 luisse
1135 2700 1282 2760 nusquam
1301 2681 1436 2760 traditur,

264 2800 322 2840 rron
344 2784 440 2859 magni
458 2785 600 2842 momenti
615 2790 673 2842 est:
692 2801 759 2843 nam
774 2784 868 2862 patris
883 2800 990 2841 nomen
1006 2784 1125 2841 omniuo
1141 2778 1225 2839 nohis
1240 2778 1319 2838 latet.
1350 2778 1436 2838 Simi-

265 2879 332 2939 liter
352 2881 527 2956 Aupurr'nas
546 2880 706 2960 appellatos
726 2899 791 2940 esse
812 2888 841 2939 et
859 2897 912 2938 eos
929 2878 1070 2957 plebeios,
1092 2879 1142 2956 qui
1156 2884 1224 2955 post
1238 2875 1332 2954 legem
1348 2875 1436 2953 Ogul-

265 2977 342 3035 niam
356 2978 446 3055 prImi
458 2995 586 3055 augures
602 2979 670 3036 iacti
680 2986 750 3037 sunt
765 2986 795 3036 et
809 2993 913 3036 eorum
923 2983 1082 3054 prognatos
1093 2973 1292 3034 Mommsenus
1303 2967 1435 3052 (Quaest.

265 3072 379 3134 Rornl
402 3091 430 3151 p.
446 3071 488 3135 65
512 3082 542 3134 et
561 3067 618 3156 66)
638 3067 767 3156 docet.1)
785 3107 822 3118 —
848 3073 906 3134 Pro
926 3074 1137 3133 Praeconinus
1160 3071 1281 3150 plurimi
1301 3069 1436 3130 Suetonii

264 3169 383 3230 codices
399 3168 510 3229 habent
521 3165 747 3250 ‘Praecanlus’,
762 3189 849 3248 quam
865 3173 988 3230 l'ormam
1004 3171 1091 3230 unice
1105 3187 1207 3229 ueram
1223 3185 1288 3226 esse
1299 3166 1435 3227 Osannus

264 3269 293 3325 in
315 3266 443 3326 editione
465 3266 598 3327 Suetonii
618 3260 660 3349 (p.
675 3261 732 3348 36)
747 3269 881 3347 affirmat,
901 3271 984 3328 nisus
999 3269 1192 3345 inscriptione
1208 3264 1341 3344 quadam,
1361 3283 1435 3342 quae

265 3373 361 3426 exstat
384 3367 413 3424 in
434 3365 588 3426 Muratorii
609 3365 748 3426 thesauro
773 3375 909 3427 ueterum
933 3366 1160 3442 inscriptionum
1175 3356 1228 3444 (Ill
1247 3382 1274 3440 p.
1291 3358 1385 3441 1241,
1402 3357 1435 3443 Ι)

263 3472 351 3540 atque
375 3463 441 3522 talis
464 3474 522 3526 est:
1116 3524 1117 3532 ,

353 3561 422 3620 Sea.
433 3561 557 3620 Artorio
573 3562 642 3621 Sea.
655 3560 678 3636 s.
691 3565 778 3644 patri
793 3556 804 3641 ΙΙ
823 3562 1037 3621 Praeconniae
1055 3558 1120 3634 Os.
1139 3554 1150 3638 ΙΙ
1168 3560 1299 3619 Pusillae
1313 3561 1412 3616 matri.
1427 3551 1436 3638 ΙΙ

176 3679 182 3696 ·
263 3658 333 3716 Sex.
359 3659 482 3718 Artorio
510 3659 581 3718 Sea.
603 3656 748 3733 fisratrr'.
767 3653 782 3737 ΙΙ
809 3658 841 3717 L.
862 3659 985 3718 Artorio
1009 3659 1080 3717 Sea.
1107 3655 1251 3731 ifratrr'
1274 3650 1284 3734 ΙΙ
1309 3655 1435 3715 Artoria

263 3755 333 3814 Sex.
355 3753 379 3829 s.
403 3756 546 3816 Secunda
564 3751 574 3835 ΙΙ
596 3755 681 3830 fecit.

351 3850 384 3912 ln
414 3870 470 3930 qua
501 3854 695 3931 inscriptione
723 3871 791 3912 cum
815 3851 930 3931 legatur
954 3845 1175 3928 ‘praecaniae'
1201 3847 1285 3926 [sici]
1311 3867 1374 3908 eam
1397 3848 1436 3907 ob

264 3967 382 4012 causam
398 3948 535 4010 Osannus
550 3950 615 4011 uult
630 3948 760 4010 scribere
773 3945 993 4012 ‘Praeconius'.
1023 3949 1080 4008 Sed
1098 3950 1268 4026 quicunque
1283 3946 1437 4007 Muratorii

265 4047 437 4107 thesaurum
457 4049 593 4127 inspiciet
609 4042 654 4129 (in
670 4045 801 4126 Corpore
821 4050 900 4108 enim
915 4046 935 4107 Ι.
946 4045 977 4108 L.
993 4046 1177 4106 Berolinensi
1195 4044 1266 4104 lraec
1281 4045 1435 4122 inscriptio

337 4183 362 4251 1)
382 4177 510 4236 Celerum
530 4183 657 4236 Momms.
678 4199 740 4235 eum
759 4181 789 4234 in
808 4181 871 4235 adn.
891 4182 927 4235 ad
945 4182 1020 4235 hunc
1038 4180 1197 4234 locum109
1217 4178 1362 4232 scriberet:
1383 4177 1436 4231 ‘Es

264 4263 303 4315 ist
320 4261 519 4329 merkwtirdig‚
539 4261 603 4316 dass
622 4261 763 4332 derariige
783 4261 935 4316 Beinemen
953 4279 1006 4314 nur
1025 4279 1080 4316 von
1100 4260 1149 4314 der
1168 4257 1273 4312 Census
1292 4257 1359 4311 oder
1381 4273 1435 4312 von

264 4340 317 4394 den
345 4341 481 4396 hiichslen
510 4341 761 4394 Priesterihfimern
784 4343 904 4410 (Augur,
932 4340 1105 4410 Augurinus,
1141 4337 1233 4405 Curio)
1258 4341 1435 4392 entnommen

263 4421 398 4487 werden,’
420 4425 494 4474 certe
516 4419 632 4474 Stilonis
652 4421 817 4475 Praeconini
837 4422 940 4474 oblitus
959 4425 1028 4474 erat.
