3254 5032
690 381 885 445 ...9-

202 553 300 606 tamen
322 565 357 606 ex
377 547 424 607 bis
443 545 539 607 tribus
558 548 641 626 Ipsis,
665 565 740 624 quos
754 545 859 605 Cicero
879 547 1018 626 nominat,
1042 547 1113 604 satis
1135 542 1241 624 clucet,
1266 553 1373 622 quanta

200 643 278 722 apud
298 645 460 706 nobiliores
478 645 613 704 homines
632 645 767 704 lloruerit
786 645 971 723 auctoritate,
989 641 1068 703 unde
1088 641 1275 703 illustrantur
1294 640 1373 701 illius

200 742 293 802 uerba
323 737 420 824 (Brut.
444 739 501 823 56,
525 736 617 824 205);
641 737 718 817 ‘suit
740 741 844 802 Aelius
873 759 963 817 eques
990 741 1146 804 Romanus
1174 757 1242 801 cum
1265 742 1375 817 primis

199 836 366 901 honestus?
412 841 450 902 Et
477 842 514 901 ad
542 840 606 900 illas
630 842 779 900 orationes
804 839 965 899 Suetonius
988 840 1109 899 uidetur
1133 847 1281 918 spectare,
1305 855 1373 896 33111

201 935 282 997 dicat
305 937 420 999 Aelium
446 941 534 999 mciii
555 957 593 998 33
616 941 703 999 uarii
724 941 755 998 13
784 940 943 1014 republica
966 956 1038 998 usus
1059 936 1170 1012 [uisse;
1201 934 1375 997 muneribus

200 1035 285 1094 enim'
303 1035 432 1114 publicis
455 1054 514 1096 non
538 1035 657 1096 uidetur
681 1036 802 1096 1333133
826 1053 900 1096 3333.
925 1065 966 1077 -
991 1034 1173 1114 Discipuli
1197 1035 1275 1113 31113,
1300 1051 1374 1112 qnos

199 1151 255 1193 nos
275 1133 394 1211 quIdem
414 1136 561 1207 nouimus,
582 1133 704 1193 luerunt
722 1131 814 1193 Varro
830 1126 917 1215 (Geli.
933 1131 967 1193 N.
978 1133 1009 1194 I.
1025 1131 1089 1192 XVI
1104 1130 1133 1212 8,
1147 1130 1168 1193 2
1184 1159 1225 1182 =
1240 1140 1307 1193 test.
1326 1127 1374 1194 15.

202 1230 263 1290 Cic.
278 1230 360 1291 Brut.
376 1227 428 1311 56,
442 1229 508 1293 205
528 1257 570 1280 =
590 1239 657 1292 test.
674 1224 891 1312 mettioeo
908 1224 1003 1313 (Brut.
1020 1227 1071 1311 56,
1087 1227 1150 1292 207
1171 1255 1213 1278 --
1233 1237 1300 1290 1331.
1317 1224 1373 1312 11)

202 1329 328 1388 13113333
361 1331 449 1389 etiam
483 1328 603 1389 Cincius
636 1329 844 1407 grammaticus
874 1321 931 1410 (ci.
960 1327 1063 1408 Hertz,
1096 1327 1132 1387 de
1161 1326 1192 1388 L.
1212 1325 1243 1387 L.
1266 1325 1375 1386 Cinolis

202 1445 231 1504 p.
248 1421 298 1487 75.
318 1425 440 1508 Merkel,
455 1426 542 1487 Proll.
557 1429 587 1486 in
603 1426 657 1486 Bu.
669 1425 747 1486 Fast.
762 1443 790 1505 p.
804 1420 945 1504 LXXVI),
961 1417 1039 1504 quod
1060 1435 1158 1486 tamen
1178 1424 1375 1485 demonstrari

204 1541 264 1583 non
297 1531 403 1602 potest.
454 1523 557 1603 Neque
591 1543 606 1583 a
635 1542 708 1584 uero
741 1522 958 1603 aberrabimus,
996 1526 1021 1584 si
1045 1523 1078 1595 Q.
1103 1523 1275 1601 Pompeium
1300 1522 1331 1581 I.
1356 1523 1374 1582 1.

203 1629 234 1681 31
267 1619 303 1681 Μ.
332 1621 484 1702 Pisonem,
519 1621 697 1701 quibuscum
726 1619 830 1681 Cicero
858 1639 889 1680 se
920 1621 1027 1680 studiis
1055 1618 1375 1697 exercitationibusque

204 1718 396 1779 coniunctum
416 1719 507 1779 luisse
526 1721 557 1779 in
575 1717 668 1779 Bruto
683 1712 750 1802 (68,
762 1712 840 1800 240)
860 1717 958 1800 tradit,
977 1727 1007 1779 et
1025 1720 1106 1798 Ipsos
1121 1717 1195 1778 Α3111
1214 1715 1376 1794 discipulos

203 1816 295 1875 luisse
319 1823 492 1876 statuemus.
526 1816 628 1886 Qualia
652 1835 724 1876 uero
749 1816 860 1876 luerint
880 1815 976 1876 studia
1000 1816 1057 1898 illa,
1082 1815 1191 1895 quibus
1210 1814 1288 1894 apud
1307 1832 1375 1874 eum

203 1911 427 1993 incumbebant,
450 1914 480 1972 ln
505 1913 579 1973 Aelii
602 1913 736 1973 doctriua
760 1912 931 1993 explicanda
955 1914 1131 1974 uidebimus.

292 2009 406 2070 Aelium
431 2010 581 2069 hominem
605 2010 759 2070 lacetum
784 2010 875 2071 luisse
900 2010 1047 2072 Heusdius
1072 2005 1113 2092 (p.
1129 2005 1186 2093 36)
1205 2018 1287 2071 recte
1307 2029 1375 2070 con-

204 2107 298 2168 cludit
325 2125 361 2166 ex
392 2105 479 2166 Plinii
505 2107 570 2166 Ioco
594 2106 628 2167 II.
647 2107 681 2170 N.
701 2106 832 2167 XXXVII
851 2106 880 2170 9.
925 2109 1034 2170 Contra
1058 2128 1132 2188 quae
1157 2110 1229 2170 dicit
1251 2109 1287 2168 de
1311 2108 1376 2168 loco

202 2205 253 2264 llio
282 2203 476 2284 epistularum
504 2204 539 2263 ad
564 2205 629 2265 lam.
650 2205 689 2265 IX
715 2202 769 2284 15,
794 2204 828 2287 2,
861 2207 911 2267 ubi
940 2205 1044 2268 Cicero
1073 2207 1107 2266 ad
1136 2207 1259 2267 Paetum
1288 2224 1376 2284 quem

204 2312 327 2383 propter
349 2302 426 2363 sales
449 2301 557 2383 laudat,
581 2302 697 2364 scribit:
722 2298 777 2364 ‘Tc
800 2322 868 2364 cum
892 2307 990 2378 uideo,
1013 2321 1115 2365 omues
1137 2306 1213 2364 mibi
1237 2304 1376 2377 Granios,

204 2420 305 2463 331333
328 2401 471 2474 Lucilios,
494 2418 568 2460 uere
591 2407 626 2459 31
648 2402 758 2474 dicem,
786 2401 911 2462 Crassos
934 2419 1053 2476 quoquc
1074 2409 1105 2463 31
1127 2402 1247 2462 Laelios
1270 2403 1378 2460 uidere

205 2493 333 2572 uidcor,'
357 2497 409 2556 ubi
432 2515 487 2576 pro
512 2491 659 2559 ‘Laelios'
684 2497 874 2558 scribendum
899 2509 1002 2560 censet
1025 2494 1163 2574 ‘Aelius’,
1187 2497 1266 2577 quod
1291 2515 1377 2557 nemo

205 2595 322 2656 Laelius
350 2596 521 2654 inueniatur
549 2594 648 2655 Crassi
679 2595 810 2674 aequalis
838 2615 935 2678 neque
964 2598 1000 2657 de
1029 2596 1128 2657 Laelio
1157 2597 1290 2676 Sapienti
1319 2595 1377 2655 ulla

206 2694 377 2754 133113113113
406 2693 481 2752 13133
505 2693 609 2772 133311,
638 2692 711 2753 11333
735 2694 820 2776 mihi,
848 2695 906 2754 etsi
929 2696 1081 2773 ingeniose
1106 2698 1269 2775 excogitata
1299 2703 1378 2775 sunt,

207 2801 303 2851 tamen
327 2808 344 2849 a
367 2808 441 2850 uero
460 2788 601 2850 uidentur
620 2789 731 2851 abesse.
768 2790 840 2850 Nam
859 2797 893 2850 ut
912 2792 1044 2851 omittam
1063 2791 1205 2872 Laelium,
1228 2800 1377 2852 oratorem

206 2888 371 2968 celebrem,
400 2889 471 2948 satis
499 2888 668 2949 lestiuitatis
696 2887 835 2950 babuisse
864 2906 918 2966 per
945 2906 977 2948 se
1001 2897 1102 2968 patere
1126 2923 1170 2930 —
1194 2889 1274 2949 nullo
1298 2891 1376 2949 enim

206 2987 293 3046 modo
317 3003 441 3064 magnus
466 2985 583 3064 quidam
608 2996 708 3046 orator
732 2986 892 3048 lestiuitate
912 2995 1011 3067 potest
1030 3007 1131 3049 carere
1157 3021 1211 3068 -,
1235 2995 1316 3048 certe
1341 3007 1377 3048 311

206 3103 266 3145 uno
285 3081 335 3142 illo
354 3081 419 3142 loco
434 3082 566 3141 Pliuiano
586 3084 705 3144 minime
725 3087 861 3162 sequitur
876 3084 990 3145 Aelium
1006 3085 1150 3147 Stilonem
1170 3094 1228 3146 tam
1248 3086 1377 3146 lacetum

207 3181 357 3241 hominem
381 3179 482 3259 luisse,
505 3188 539 3239 ut
562 3198 630 3239 cum
649 3178 762 3241 Lucilio
784 3191 814 3242 31
833 3181 941 3242 Granio
965 3192 1088 3262 propter
1107 3184 1227 3243 facetias
1247 3182 1377 3244 celeber·

207 3280 291 3338 rimis
320 3284 422 3357 posset
450 3278 598 3356 coniungi.
644 3277 682 3337 Et
711 3279 737 3338 si
764 3287 862 3340 tamen
886 3281 986 3342 Aelius
1014 3283 1103 3342 tantis
1135 3281 1248 3341 13331113
1272 3281 1378 3341 1313331

207 3374 378 3455 praeditus,
402 3382 483 3434 certe
512 3374 615 3436 Cicero
643 3374 693 3434 ilio
720 3375 805 3436 Bruti
833 3376 897 3438 1333
925 3372 964 3459 (c.
984 3372 1056 3461 56),
1085 3378 1136 3438 ubi
1164 3378 1260 3437 lusius
1283 3377 1319 3439 de
1343 3395 1378 3437 33

209 3473 355 3554 loquitur,
379 3473 435 3532 1133
458 3491 517 3532 333
540 3475 753 3553 praeteriisset.

298 3570 412 3642 Quanta
436 3572 463 3631 31
487 3571 577 3631 133111
604 3589 662 3632 333
691 3571 884 3632 familiaris
912 3591 966 3651 pro
991 3582 1073 3634 certo
1097 3574 1295 3634 demonstrari
1320 3592 1378 3633 non

209 3677 316 3749 potest.
355 3668 466 3728 Seruus
490 3667 610 3727 uidetur
632 3668 781 3750 habuisse,
811 3669 957 3748 quuidem
981 3670 1081 3731 liberti
1104 3679 1188 3732 antea
1213 3672 1294 3730 serui
1318 3672 1378 3730 iue-

209 3774 292 3846 runt3
315 3774 396 3826 13313
421 3765 499 3825 enim
524 3764 681 3846 Orellium,
710 3785 797 3844 quem
822 3767 972 3829 Heusdius
995 3771 1024 3829 in
1050 3768 1105 3828 1133
1129 3771 1278 3849 sequitur,
1306 3777 1378 3848 puto

209 3864 355 3942 suspicari
382 3862 413 3923 L.
436 3863 520 3923 illum
547 3861 676 3942 Aelium,
705 3880 792 3940 quem
823 3863 926 3924 Cicero
954 3883 1009 3944 pro
1039 3865 1151 3925 Scauro
1180 3884 1242 3945 cap.
1261 3863 1304 3927 23
1331 3866 1378 3926 1113

210 3959 311 4020 uerbis
330 3967 554 4020 commemorat:
578 3954 701 4020 ‘Pueris
719 3961 804 4019 nobis
823 3963 945 4022 credisse
964 3965 1073 4023 uidcor
1091 3964 1124 4023 L.
1140 3963 1266 4038 Aelium,
1289 3965 1378 4024 liber·

210 4062 303 4118 tinum
327 4060 487 4132 bominem,
517 4061 683 4119 litteratum
707 4076 745 4118 33
765 4053 927 4134 facetum,'
958 4079 1023 4120 esse
1047 4060 1121 4120 Α3111
1146 4060 1267 4122 Stilonis
1290 4059 1377 4120 liber·

211 4163 282 4215 tum.
329 4153 500 4215 Secundum
531 4155 664 4216 eiusdem
688 4155 790 4216 Orellii
819 4159 995 4218 sententiam
1018 4157 1119 4219 Aelius
1147 4157 1246 4219 uillam
1276 4157 1379 4218 11311311

210 4251 415 4330 Tusculanam,
436 4250 491 4311 sub
510 4253 597 4311 finem
618 4255 696 4313 enim
716 4254 803 4331 primi
823 4253 859 4313 de
879 4262 996 4314 oratore
1016 4253 1084 4313 libri
1102 4253 1150 4313 ille
1173 4254 1255 4332 legit:
1275 4250 1378 4317 ‘Socc-

209 4355 295 4412 uolc:
328 4351 422 4424 Sanc,
451 4352 562 4428 inquit,
590 4355 780 4413 3311313333
804 4355 1021 4414 constituissem
1050 4355 1081 4412 13
1108 4351 1309 4413 1133313333
1332 4371 1379 4413 me

212 4451 301 4509 bodie
324 4454 486 4509 uenturum
510 4465 573 4509 csse
596 4450 629 4508 L.
655 4445 759 4511 Aelio?
806 4450 898 4521 Quam
928 4452 1129 4510 coniecturam
1152 4449 1278 4528 probant
1302 4449 1377 4508 Hen-
