3254 5032
691 375 888 437 „7-

203 538 378 598 Suetonium
402 537 419 598 l.
435 558 459 598 o.
479 547 546 599 aute
570 556 673 596 omnes
697 536 769 596 alios
794 537 1002 614 grammaticos
1021 545 1270 596 commemoratur
1290 536 1372 600 Stilo.

204 634 247 696 Ex
268 653 325 714 qua
345 654 377 696 re
397 637 635 714 antiquissimum
655 652 725 694 eum
743 634 834 694 luisse
854 651 958 694 eorum
977 651 1046 694 sane
1066 642 1165 711 potest
1183 633 1294 714 colligi,
1314 653 1372 712 quo

204 752 277 795 uero
306 743 393 794 natus
422 736 460 795 sit
488 752 578 814 auno,
607 749 666 791 non
694 730 816 791 meliore
840 733 976 792 conicere
1001 730 1070 791 licet
1093 732 1173 811 iure,
1201 749 1288 810 quam
1313 750 1372 810 quo

202 831 297 892 Nauta
316 831 364 892 ille
384 835 468 893 annis
488 833 700 911 quinquaginta
721 832 860 889 maiorem
883 847 951 890 eum
970 831 1119 889 orationes
1138 847 1197 889 non
1217 833 1372 909 scripsisse

202 929 363 990 concludit.
387 963 430 972 -
454 929 513 989 lam
538 929 706 1010 uideamus,
730 926 800 1006 quid
824 915 1048 1007 ipsi'prolrcere
1071 930 1228 1006 possimus.
1272 929 1372 1006 Atque

201 1046 238 1088 ex
261 1027 412 1109 Suetonio,
436 1036 557 1089 auctore
581 1028 766 1108 grauissimo,
790 1024 863 1086 nihil
882 1026 1089 1104 comperimus,
1109 1024 1186 1104 quod
1207 1025 1243 1084 ad
1262 1043 1372 1086 annum

201 1128 267 1186 eius
287 1125 413 1186 natalem
432 1125 632 1186 deliniendum
653 1124 787 1204 quadret,
807 1125 864 1183 nisi
883 1140 951 1182 eum
971 1120 1004 1192 Q.
1019 1121 1169 1182 Metellum
1184 1121 1372 1184 Numidicum

201 1226 233 1283 in
258 1223 393 1284 exsilium
418 1226 590 1284 comitatum
614 1242 689 1303 esse,
714 1224 767 1301 qui
790 1240 857 1282 cum
877 1237 954 1280 anno
974 1219 1057 1281 urbis
1077 1216 1141 1280 645
1160 1220 1264 1281 consul
1283 1221 1374 1281 luerit

200 1315 253 1404 (cl.
277 1321 453 1402 Mommsen,
483 1321 590 1382 llistor.
614 1313 717 1380 llom.⁷
739 1318 778 1379 lll
802 1319 862 1379 ind.
886 1336 908 1377 s.
933 1311 977 1399 u.)
1007 1326 1088 1378 certe
1116 1325 1184 1396 post
1211 1335 1235 1377 a.
1259 1336 1288 1380 u.
1308 1314 1373 1380 605

201 1429 288 1479 uatus
317 1438 375 1480 non
404 1427 502 1499 potest
530 1437 606 1480 esse.
653 1418 788 1490 Quocum
812 1416 885 1476 Stilo
913 1417 944 1475 in
968 1415 1104 1476 exsilium
1129 1434 1196 1476 cum
1220 1415 1373 1495 proiectus

204 1519 257 1599 sit,
281 1519 409 1578 amicitia
432 1518 558 1596 quadam
582 1517 701 1577 uidetur
724 1518 845 1576 iunctus
869 1513 974 1593 luisse,
1003 1521 1036 1573 ut
1059 1521 1140 1595 certe
1164 1513 1265 1573 multis
1289 1515 1372 1573 annis

201 1617 298 1675 minor
323 1634 410 1694 quam
429 1615 477 1675 ille
497 1615 588 1674 fuisse
608 1633 666 1674 non
686 1614 789 1692 possit.
828 1611 877 1671 Sic
895 1612 985 1689 igitur
1005 1609 1040 1669 ad
1059 1610 1138 1670 idem
1157 1612 1218 1670 lere
1239 1611 1273 1669 ad
1294 1610 1372 1689 quod

201 1712 367 1792 Maduigius
395 1721 425 1772 ot
453 1712 632 1773 llitschelius
662 1710 855 1791 peruenimus
883 1717 1009 1788 tempus.
1037 1741 1081 1750 -
1112 1706 1245 1769 Alterum
1274 1716 1372 1768 autem

186 1812 405 1872 'testimonium
429 1818 475 1870 est
494 1810 600 1871 Lucilii
622 1819 736 1890 poetae,
760 1827 847 1887 quem
872 1806 920 1868 uel
943 1806 1053 1867 librum
1077 1824 1169 1867 unum
1192 1806 1240 1866 uel
1258 1814 1372 1884 partem

200 1908 328 1986 aliquam
357 1910 514 1968 satirarum
544 1909 571 1966 ei
598 1908 787 1985 inscripsisse
816 1906 900 1965 testis
929 1912 975 1964 est
1002 1912 1106 1964 auctor
1129 1904 1165 1963 ad
1189 1903 1372 1964 Herennium

201 2001 253 2085 (lV
276 2001 340 2087 12),
363 2005 440 2084 apud
464 2022 552 2084 quem
571 2004 619 2062 hic
643 2002 748 2063 Lucilii
773 2020 879 2062 uersus
903 2008 1010 2061 exstat:
1035 2002 1112 2075 Hos,
1136 2003 1217 2075 dett,
1241 2005 1373 2078 scriptos

201 2122 252 2164 res
275 2107 318 2164 od
340 2112 369 2164 te
392 2105 527 2178 misimu',
552 2095 670 2181 Luci.¹)
717 2099 864 2160 Lucilium
889 2107 988 2159 autem
1011 2098 1174 2160 Lucianum
1197 2098 1371 2159 Muellerum

200 2195 244 2281 (p.
259 2197 322 2261 289
342 2192 495 2280 editionis)
521 2198 569 2258 uel
592 2199 704 2258 rectius
723 2198 884 2276 Hauptium
908 2198 1004 2258 secuti
1028 2205 1128 2257 natum
1147 2189 1214 2257 'esse
1234 2205 1373 2276 putamus

200 2315 277 2357 anno
301 2296 385 2356 urhis
400 2291 474 2357 574.
507 2295 567 2356 lam
588 2297 677 2374 igitur
697 2297 721 2354 si
741 2294 845 2354 eodem
866 2294 952 2355 modo
972 2312 1030 2372 quo
1045 2293 1139 2354 Nauta
1158 2302 1373 2375 computamus

201 2394 315 2454 scilieet
338 2393 486 2454 Lucilium
510 2393 721 2471 quinquaginta
746 2391 830 2452 aunis
852 2391 994 2450 maiorem
1013 2392 1119 2451 satiras
1138 2409 1198 2450 non
1217 2393 1372 2470 scripsisse

200 2511 298 2572 neque
318 2492 352 2551 ad
370 2491 512 2552 Stilonem
533 2491 650 2569 triginta
671 2491 755 2550 annis
774 2488 921 2549 iuniorem
941 2506 990 2548 eas
1010 2491 1128 2550 mittere
1143 2491 1284 2569 potuisse,
1299 2488 1372 2549 Stilo

200 2609 226 2650 a.
242 2609 271 2649 u.
287 2587 352 2650 624
375 2590 495 2666 triginta
515 2604 659 2648 annorum
678 2588 796 2648 iuuenis
820 2587 884 2646 luit.
921 2585 1017 2666 Atque
1036 2587 1151 2646 etiarnsi
1169 2585 1201 2646 L.
1213 2585 1373 2646 Muellerus

201 2680 321 2768 docet²)
341 2685 486 2748 Lucilium
512 2686 630 2744 minime
650 2685 862 2762 quinquaginta
881 2701 973 2742 annos
991 2692 1093 2744 natum
1112 2703 1127 2744 a
1147 2683 1304 2744 scribendo
1323 2683 1372 2744 de·

201 2785 322 2864 stitisse,
341 2791 439 2842 tameo
457 2780 595 2860 pluribus
617 2800 704 2860 quam
724 2783 830 2858 uiginti
850 2782 934 2841 annis
953 2779 1088 2842 inleriori
1107 2781 1215 2843 librum
1235 2783 1371 2842 dedicare

202 2885 250 2943 uix
270 2884 375 2962 potuit,
399 2889 433 2941 ut
452 2879 525 2940 Stilo
544 2888 612 2959 post
631 2898 740 2941 annum
760 2873 844 2958 594)
850 2874 912 2939 160
931 2886 1018 2939 natus
1038 2897 1103 2940 esse
1128 2897 1187 2938 non
1207 2881 1308 2958 possit.
1328 2913 1367 2921 -

201 2980 304 3059 ltaque
324 2982 412 3040 etiam
431 2978 485 3038 hac
501 2980 548 3038 uia
568 2979 603 3038 ad
622 2979 701 3039 idem
720 2977 913 3058 peruenimus
932 2984 1059 3057 tempus,
1078 2975 1114 3037 de
1134 2994 1193 3056 quo
1208 2975 1372 3056 Maduigius

202 3085 232 3137 et
242 3076 422 3138 Ritschelius
437 3078 536 3136 minus
547 3084 643 3136 tamen
659 3075 774 3136 idoneis
789 3077 971 3154 argumentis
986 3076 1033 3134 usi
1048 3077 1259 3153 cogitauerant.
1291 3074 1372 3136 ldem

202 3175 263 3234 fere
279 3172 442 3234 Teutlelius
456 3173 524 3233 hist.
544 3172 586 3233 lit.
601 3167 698 3232 liom.4
714 3192 742 3252 p.
757 3169 820 3234 231
838 3180 954 3253 censet3
973 3173 1030 3232 etsi
1049 3190 1100 3232 sex
1118 3173 1203 3232 annis
1221 3180 1289 3252 post
1303 3191 1372 3233 eum

203 3280 305 3333 natum
334 3289 400 3331 esse
430 3272 542 3331 statuit.
589 3269 696 3330 Decem
724 3272 815 3348 igitur
839 3272 924 3331 annis
947 3278 1043 3331 aetate
1067 3270 1191 3330 inlerior
1215 3279 1260 3332 ost
1283 3272 1372 3333 Accio

203 3377 321 3450 poetae,
346 3368 468 3428 totidem
493 3369 630 3448 superior
653 3367 782 3429 dlranio.

291 3465 332 3526 De
348 3466 361 3524 l
363 3474 492 3525 ortona
507 3467 571 3525 eius
586 3473 617 3525 et
631 3465 644 3525 l
647 3467 716 3525 atis
730 3463 879 3526 Heusdius
894 3484 922 3545 p.
937 3461 1069 3526 36-45
1088 3467 1253 3528 rectissime
1271 3467 1371 3547 dispu-

202 3566 285 3625 tauit..
329 3561 482 3623 Prioribus
506 3564 585 3622 uitae
613 3563 698 3623 annis
724 3562 830 3624 Lucilii
858 3557 956 3640 (duct.
981 3561 1016 3622 ad
1044 3562 1174 3624 Herenn.
1194 3563 1230 3622 lV
1258 3557 1312 3647 12)
1341 3573 1370 3625 et

201 3660 311 3721 Metelli
330 3659 480 3720 Numidici
505 3678 577 3719 usus
601 3669 646 3720 est
670 3661 806 3741 amicitia,
831 3679 918 3740 quem
938 3680 962 3721 a.
978 3657 1043 3722 653
1067 3664 1098 3722 in
1122 3662 1258 3722 exsilium
1282 3664 1371 3722 comi·

201 3766 280 3819 tatus
309 3765 355 3817 est
384 3750 480 3840 (Suet.
500 3757 517 3817 l.
537 3751 585 3837 u).
632 3756 707 3817 Num
739 3760 827 3818 etiam
856 3778 924 3820 cum
953 3758 1051 3820 Caelio
1079 3760 1233 3837 Antipatro
1262 3761 1371 3820 artiore

201 3855 328 3935 quodam
353 3855 472 3915 uinculo
497 3856 673 3914 coniunctus
694 3855 785 3914 luerit
808 3855 942 3916 homines
962 3856 1041 3916 docti
1060 3849 1232 3936 dubitant.³)
1269 3855 1373 3917 Exstat

202 3955 279 4014 enim
303 3953 387 4013 locus
412 3954 443 4012 in
467 3951 619 4012 Ciceronis
642 3960 760 4012 oratore
780 3972 804 4012 c.
820 3949 871 4031 69,
891 3949 969 4014 230:
993 3948 1045 4014 ‘m
1062 3956 1113 4014 ltic
1131 3957 1251 4030 quidem
1275 3955 1371 4027 (Cael.

201 4053 326 4128 Antip),
350 4053 539 4126 coetaneo
559 4051 697 4126 Laelio,
722 4054 765 4112 ad
786 4068 872 4126 qoem
894 4054 1027 4127 scripsit,
1051 4055 1104 4112 cui
1119 4071 1152 4113 se
1171 4061 1296 4132 porcat,
1319 4072 1370 4114 ue·

200 4152 283 4210 uiam
296 4151 382 4225 petit,
401 4155 430 4208 et
443 4150 540 4208 utitur
559 4167 596 4209 co
611 4151 791 4210 traiectione
809 4150 973 4209 uerborum
992 4156 1022 4210 ct
1039 4151 1133 4210 nihilo
1152 4157 1251 4211 tamen
1271 4154 1371 4227 aptius

275 4374 299 4440 1)
318 4372 363 4427 Ila
380 4370 531 4426 Muellerus
550 4372 581 4425 in
599 4371 701 4427 Lucilii
720 4371 852 4428 editionis
870 4390 897 4442 p.
915 4380 937 4427 1.
966 4373 1053 4428 Paulo
1072 4373 1156 4428 aliter
1175 4373 1371 4430 Lachmaonus

199 4470 226 4521 p.
245 4457 304 4507 llo.
376 4455 404 4522 2)
424 4451 512 4506 Lucil.
532 4471 559 4521 p.
579 4453 603 4505 X
623 4455 652 4507 ei
670 4458 730 4508 290.
810 4455 838 4524 3)
855 4452 960 4508 Heusd.
980 4472 1007 4523 p.
1022 4459 1136 4508 38-39.
