3254 5032
681 373 900 437 ..21-

199 530 421 620 Η6666166(6.
446 531 503 620 60)
535 555 603 598 666
626 537 783 613 scripsisse
812 534 943 616 collegit,
976 537 1062 597 cuius
1086 536 1248 596 sententiae
1272 534 1376 595 aduer-

200 644 310 697 santur
324 635 567 717 GraefenbaniuS,
585 633 754 715 Lersebius,
774 633 948 696 Schoellius.
978 632 1100 704 Qualem
1120 630 1228 692 librum
1247 640 1281 692 ut
1294 631 1377 692 Aelio

200 733 345 814 tribuam,
368 751 404 794 eo
427 735 553 795 maxime
573 750 772 812 commoneor,
796 734 874 811 quod
895 731 930 793 ad
949 749 1018 794 eum
1037 732 1143 812 omnia,
1166 747 1242 809 quae
1262 747 1321 790 non
1341 729 1376 789 ad

199 832 335 892 carmina
362 829 484 891 Saliaria
512 839 661 911 spectant,
689 830 853 909 fragmenta
876 832 987 909 optime
1010 835 1136 908 possunt
1159 827 1279 908 referri;
1309 845 1377 888 nam

201 948 241 990 ea
265 947 333 990 cum
356 930 416 989 sint
439 929 642 988 diuersissima
670 922 850 1010 (61616)
878 936 929 989 aut
957 926 992 987 ad
1020 925 1129 986 multos
1156 924 1248 986 libros
1272 957 1313 970 --
1346 925 1377 985 id

200 1027 408 1106 quodminus
432 1024 593 1087 uerisimile
622 1034 681 1100 est,
710 1024 789 1104 quod
813 1025 892 1087 nulla
916 1024 1001 1086 nobis
1025 1025 1132 1085 mansit
1155 1024 1310 1102 inscriptio
1337 1057 1374 1068 —

200 1132 257 1185 aut
280 1126 377 1184 omnia
401 1123 436 1184 ad
464 1142 557 1184 unum
587 1122 697 1184 librum
720 1124 828 1184 referri
856 1131 982 1202 oportet.
1027 1120 1065 1183 Et
1091 1120 1177 1181 illum
1203 1120 1312 1181 librum
1335 1123 1376 1181 ita

199 1230 278 1301 puto
301 1223 472 1282 institutum
495 1223 597 1303 fuisse,
621 1231 654 1284 ut
672 1220 773 1281 Aelius
791 1221 883 1282 multa
903 1219 996 1281 uerba
1020 1227 1070 1280 aut
1088 1237 1155 1280 rara
1174 1228 1226 1279 aut
1243 1217 1376 1279 obsoleta

198 1319 357 1398 colligeret
380 1328 410 1380 et
432 1321 539 1397 partim
559 1318 743 1399 etymologia,
765 1320 874 1398 partim
893 1316 1036 1396 exemplis
1055 1315 1185 1395 undique
1209 1315 1376 1378 litterarum

199 1419 340 1499 sumptis,
363 1419 470 1495 partim
494 1425 620 1496 utraque
640 1419 753 1478 ratione
772 1416 944 1478 illustraret.
981 1413 1261 1493 Glossographicum
1284 1414 1376 1491 igitur

197 1515 324 1577 uidetur
346 1516 439 1575 fuisse
463 1534 551 1596 opus,
573 1513 653 1576 unde
676 1513 791 1575 delium
815 1512 1097 1594 glossographorum
1120 1506 1193 1592 (non
1217 1510 1375 1589 glossema·

200 1622 302 1674 torum
321 1614 516 1691 scriptorum:
535 1612 571 1672 cf.
586 1609 686 1690 Goetz,
706 1611 766 1672 ind.
780 1611 848 1673 lect.
867 1621 938 1672 aest.
958 1610 1018 1671 len.
1034 1607 1120 1672 1886
1139 1629 1167 1688 p.
1182 1602 1222 1690 11)
1246 1611 1376 1688 primum

198 1710 351 1791 possimus
379 1710 541 1768 nominare.
587 1709 683 1786 Atque
716 1716 750 1769 ut
781 1708 848 1787 6166
882 1707 1023 1789 666666,
1055 1708 1143 1766 etiam
1171 1708 1373 1768 testimonium

199 1807 239 1868 de
267 1805 317 1866 illo
340 1823 431 1885 opere
460 1807 532 1866 mihi
559 1806 664 1866 uideor
691 1807 861 1888 inuenisse,
886 1807 943 1866 etsi
970 1804 1031 1866 sola
1060 1805 1232 1865 coniectura
1260 1805 1374 1868 nititur.

198 1904 275 1965 Nam
296 1903 374 1982 apud
394 1904 515 1964 Festum
528 1923 557 1968 s.
572 1923 597 1964 v.
617 1903 784 1964 molucrum
804 1922 831 1980 p.
850 1901 909 1963 141
927 1903 963 1962 M.
979 1895 1030 1984 (cf.
1050 1897 1122 1962 166
1142 1909 1172 1961 et
1191 1900 1259 1961 dub.
1278 1901 1314 1961 fr.
1328 1895 1374 1984 5),

137 2019 139 2026 ’
198 2020 291 2081 quem
319 2001 416 2062 locum
441 1999 609 2061 mutilatum
633 1999 757 2061 Vrsinus
781 2003 844 2060 sine
869 1999 959 2060 dubio
984 2008 1065 2061 reete
1089 1998 1271 2080 emendauit,
1299 1998 1374 2060 delii

197 2100 389 2179 explicationi
417 2119 453 2160 ex
478 2101 723 2178 interpretatione
756 2102 922 2160 carminum
946 2098 1102 2160 Saliarium
1129 2105 1264 2176 sumptae
1292 2105 1373 2158 ante-

197 2199 281 2260 cedit
310 2197 365 2258 alia
393 2217 429 2258 ex
458 2195 514 2255 alio
543 2196 676 2257 eiusdem
704 2194 780 2257 libro
810 2200 915 2280 petita,
943 2215 1031 2276 quem
1055 2204 1153 2256 tamen
1181 2193 1290 2255 librum
1314 2213 1373 2256 non

196 2295 315 2356 indices
329 2293 426 2356 Plauti
445 2301 496 2354 aut
514 2294 759 2355 commentarium
779 2293 815 2355 66
834 2293 998 2374 proloquiis
1016 2295 1108 2354 fuisse
1127 2311 1181 2372 per
1196 2311 1228 2352 se
1243 2301 1375 2375 apparet,

196 2393 252 2454 sed
283 2399 328 2453 est
350 2390 399 2451 ille
422 2389 498 2451 liber
521 2391 558 2450 de
582 2409 641 2469 quo
665 2409 744 2451 nuuc
763 2389 850 2452 nohis
873 2393 1007 2471 quaestio
1031 2399 1084 2452 est.
1107 2424 1151 2434 -
1181 2390 1283 2470 ltaque
1307 2388 1373 2451 talis

197 2491 276 2551 liber
301 2492 372 2569 quin
396 2489 544 2549 exstiterit
566 2491 715 2548 neminem
733 2498 806 2568 puto
825 2508 912 2568 posse
932 2488 1076 2550 dubitare.
1116 2487 1197 2558 Quae
1216 2505 1289 2547 uero
1308 2489 1373 2548 eius

197 2590 292 2649 fuerit
316 2586 450 2647 condicio
474 2593 504 2646 et
527 2586 675 2665 quomodo
698 2587 813 2665 singula
841 2586 987 2668 ordinata,
1010 2587 1061 2646 uix
1084 2586 1241 2664 quisquam
1264 2583 1373 2645 clarius

197 2691 369 2765 cognoscet,
383 2701 472 2761 quam
488 2702 541 2743 nos
560 2702 650 2763 supra
665 2685 857 2744 coniectando
873 2686 1006 2754 fecimus.
1039 2683 1188 2744 Mittamus
1203 2700 1274 2762 ergo
1288 2682 1371 2743 illum

196 2783 308 2844 librum
319 2783 380 2862 qui,
390 2782 448 2841 etsi
457 2780 543 2841 nobis
558 2779 671 2842 nullum
686 2783 750 2843 eius
764 2783 908 2842 remansit
922 2783 1123 2842 testimonium
1138 2789 1263 2862 certum,
1273 2790 1371 2844 tamen

198 2881 276 2960 apud
297 2887 416 2940 ueteres
435 2878 508 2939 adeo
527 2887 616 2940 notus
635 2887 707 2960 erat,
725 2888 759 2940 ut
777 2878 965 2941 laudantibus
984 2897 1021 2940 ne
1040 2896 1148 2939 nomen
1168 2879 1287 2957 quidem
1306 2882 1371 2941 eius

196 2985 277 3040 esset
301 2975 515 3057 appellandum.

286 3075 347 3134 lam
371 3081 501 3154 apparet,
524 3075 550 3133 si
574 3073 736 3153 fragmenta
756 3074 831 3136 Aelii
853 3073 980 3154 plurima
1004 3073 1039 3133 ad
1062 3073 1119 3134 boc
1139 3092 1214 3152 opus
1234 3073 1369 3157 redeunt,

195 3174 304 3234 cadere
331 3171 393 3252 illa,
417 3190 492 3250 quae
515 3171 650 3252 Eggerus
677 3167 782 3257 (serm.
804 3173 853 3234 lat.
877 3180 935 3234 uet.
959 3170 1011 3233 rel.
1034 3190 1063 3252 p.
1078 3166 1113 3252 3)
1136 3172 1173 3231 de
1197 3173 1369 3251 fragmentis

199 3269 376 3350 quibusdam
395 3288 431 3330 er
445 3268 521 3330 libro
535 3269 678 3332 historico
693 3273 819 3350 sumptis
839 3279 868 3331 et
883 3269 1117 3332 Graefenhanius
1133 3262 1214 3352 (bist.
1229 3268 1329 3348 philol.
1343 3269 1370 3329 ll

125 3445 132 3450 -
195 3388 224 3447 6.
245 3361 326 3451 338)
351 3367 386 3427 66
407 3369 619 3428 commentario
642 3370 707 3429 eius
730 3371 761 3428 in
781 3370 910 3429 comicos
931 3367 1131 3427 Romanorum
1150 3375 1253 3446 poetas
1272 3369 1368 3446 suspi-

195 3468 256 3526 cati
280 3473 358 3527 sunt.
402 3464 532 3546 Accedit,
556 3465 635 3544 quod
659 3472 799 3544 quattuor
821 3464 948 3540 illorum,
972 3482 1047 3543 quae
1070 3463 1204 3544 Eggerus
1227 3464 1367 3525 historica

197 3565 339 3642 nominat,
357 3562 590 3641 fragmentorum
612 3563 671 3624 666
690 3582 750 3625 666
765 3572 835 3625 suut
849 3563 923 3623 delii
938 3561 1059 3623 Stilonis
1074 3556 1126 3645 (cf.
1141 3564 1226 3641 frgm.
1239 3581 1320 3642 spur.
1331 3557 1366 3644 2)

196 3680 291 3723 6666
309 3679 368 3720 666
388 3660 594 3740 fragmentum,
614 3660 665 3720 sed
684 3665 887 3724 testimonium
906 3669 952 3724 est
970 3658 1051 3744 (test.
1066 3655 1112 3743 3),
1131 3668 1269 3741 quartum
1288 3661 1366 3739 qnod

195 3767 302 3840 restat,
326 3760 435 3838 optime
459 3755 495 3819 ad
519 3757 628 3818 librum
651 3759 877 3838 etymologicum
899 3759 1008 3820 referri
1030 3766 1129 3838 potest
1152 3752 1202 3839 (fr.
1221 3751 1321 3839 41).¹)

284 3855 371 3916 Aliud
395 3858 519 3918 fortasse
543 3855 733 3916 statuendum
753 3865 798 3917 est
816 3857 852 3917 de
871 3855 946 3919 neni
968 3855 1255 3917 recensionibus.
1293 3856 1366 3918 Nam

196 3962 315 4033 praeter
329 3952 438 4013 Metelli
458 3953 550 4014 libros
564 3953 725 4016 Lerschius
738 3954 758 4018 1.
771 3954 789 4016 l.
809 3957 977 4034 suspicatur
991 3972 1060 4014 eum
1075 3953 1222 4032 Scipionis
1239 3973 1366 4038 quoque,

197 4053 247 4130 qui
272 4050 390 4111 easdem
415 4067 487 4128 quas
510 4050 646 4112 Metellus
668 4054 699 4114 in
722 4051 874 4133 republica
898 4050 1078 4130 sequebatur
1100 4062 1213 4134 parteS,
1237 4053 1364 4114 edidisse

196 4151 355 4230 orationes,
373 4165 428 4208 nec
443 4148 541 4208 minus
555 4148 706 4211 Plautinas
725 4158 754 4211 et
768 4150 898 4210 Titiauas
913 4147 1026 4210 fabulas
1041 4152 1235 4210 recensuisse.
1270 4150 1363 4220 (1666

197 4248 387 4327 sententiam,
420 4247 475 4306 etsi
503 4244 575 4306 nihil
607 4247 713 4309 babeat
745 4267 804 4328 quo
836 4247 975 4308 fulciatur
1007 4255 1124 4325 praeter
1156 4248 1253 4309 locum
1280 4249 1363 4314 illum

266 4452 292 4520 l)
312 4449 352 4507 Cf.
371 4449 472 4520 Herba,
492 4452 548 4508 len.
563 4450 596 4508 A.
610 4451 686 4510 L.-Z.
702 4459 780 4525 1844,
798 4473 825 4527 6.
841 4461 901 4512 728.
