3254 5032
693 415 737 424 ,.,.
783 379 837 445 28
870 417 914 426 H

641 626 643 630 ,
783 579 822 637 ΙΙ.

343 689 560 766 Fragmenta,
583 695 619 751 in
642 695 767 765 quibus
789 698 878 755 Aelii
901 701 1081 770 explicatio
1104 703 1262 760 retertur.
1375 789 1381 798 ι

787 836 819 892 Α.

390 938 437 999 Ex
462 942 771 1021 interpretatione
795 945 990 1007 carminum
1014 944 1216 1008 Saliarium.

307 1076 337 1140 4.
361 1082 493 1143 Manuos
516 1087 547 1143 in
571 1085 758 1144 carminibus
780 1081 979 1168 saliaribus1)
998 1088 1101 1149 Aelius
1120 1091 1195 1150 Stilo
1213 1093 1391 1165 sipnr'lioare

217 1181 262 1237 nil
280 1179 372 1238 bonos
390 1173 505 1263 unslet)
530 1180 625 1256 inferi
646 1185 680 1242 cli
697 1181 805 1242 Manes
825 1200 884 1257 pro
899 1184 971 1244 boni
984 1179 1163 1267 dieantur³)
1179 1190 1390 1263 usuppliaiter

218 1291 267 1334 eos
295 1278 514 1336 venerantibus
540 1284 668 1354 propter
691 1286 800 1339 metum
823 1284 940 1354 mortis,
964 1288 999 1341 ut
1021 1285 1164 1342 immanes
1195 1300 1312 1357 quoque
1331 1300 1390 1358 pro

216 1374 309 1432 ualde
331 1372 408 1448 [non
433 1368 567 1455 tonost)
591 1378 745 1436 dicuntur.
1199 1453 1201 1458 Ι

304 1465 333 1529 5.
359 1470 531 1532 Molucrum
564 1519 731 1534 .......
767 1476 844 1534 idem
873 1474 975 1535 Aelius
1010 1479 1041 1536 in
1072 1480 1287 1554 explanatione
1320 1494 1389 1536 aar·

215 1569 328 1627 minum
361 1569 528 1629 saliarium
561 1572 663 1638 eodem
700 1575 820 1632 nomine
851 1577 1002 1648 appellari
1033 1577 1079 1634 ait
1112 1577 1194 1650 quod
1224 1575 1278 1634 sub
1311 1578 1389 1634 molo

214 1669 412 1740 supponatur.

307 1758 336 1822 6.
366 1763 474 1823 Pescia
507 1767 537 1824 in
569 1767 680 1825 saliari
710 1769 847 1826 carmine
869 1766 972 1828 Aelius
1000 1769 1075 1829 Stilo
1104 1772 1168 1829 dici
1198 1773 1244 1830 ait
1274 1773 1389 1846 capitia

216 1876 256 1918 era
276 1861 406 1934 pellibus
429 1865 551 1935 equinis
566 1861 664 1939 saeta,
688 1864 770 1936 quoa
789 1865 904 1924 Graeci
920 1869 1015 1941 pelles
1033 1873 1143 1926 uooent
1157 1884 1258 1944 pesae,
1281 1873 1389 1926 neutro

213 1973 328 2029 penore
347 1962 520 2033 pluraliter.

304 2050 331 2114 l.
357 2057 480 2116 Manias
503 2059 605 2116 Aelius
628 2058 704 2116 Stilo
732 2059 797 2116 diei
823 2063 868 2117 nit
892 2063 968 2130 fieta
996 2052 1179 2142 quaedum)
1213 2079 1252 2120 era
1279 2059 1389 2134 surina

216 2153 247 2210 in
275 2154 426 2212 nominum
446 2156 580 2227 fipuras,
608 2157 681 2229 quia
703 2161 807 2231 turpes
824 2159 916 2234 fiant,
940 2172 1016 2229 quas
1040 2159 1096 2215 alii
1117 2160 1265 2217 maniolas
1290 2162 1389 2233 appel-

215 2251 286 2308 lent.
335 2250 459 2310 Manias
487 2258 600 2326 autem,
628 2269 704 2325 quas
731 2256 867 2313 nutrices
899 2256 1075 2314 minitentur
1100 2257 1245 2330 paruulis
1274 2258 1388 2330 pueris,

216 2363 281 2404 esse
307 2349 422 2406 laruas.

305 2441 333 2503 8.
358 2445 537 2520 Monstrum,
556 2451 590 2505 ut
603 2448 707 2505 Aelius
726 2447 801 2507 Stilo
821 2450 1051 2523 interpretatur,
1071 2467 1090 2507 a
1109 2452 1256 2511 monendo
1275 2453 1388 2510 dietum

216 2547 272 2614 est,
296 2545 380 2601 uelut
398 2549 591 2602 monestrum.

307 2635 336 2697 9.
366 2640 511 2700 obstitum
539 2642 671 2701 Cloatius
699 2647 729 2702 et
752 2642 854 2702 Aelius
872 2643 948 2703 Stilo
977 2661 1041 2703 esse
1063 2645 1152 2702 aiunt
1175 2645 1320 2704 uiolatum
1344 2655 1388 2704 at-

216 2741 390 2810 tactumque
413 2740 451 2798 de
474 2741 567 2798 cael.
1033 2753 1039 2764 '

307 2830 356 2894 10.
381 2834 516 2910 Refriuu
536 2834 613 2909 saia
633 2885 638 2896 .
660 2837 811 2897 ..Aelius
835 2838 954 2897 dubitat
976 2853 1017 2895 an
1040 2855 1077 2896 ea
1099 2840 1146 2910 sit,
1170 2854 1249 2911 quae
1264 2842 1388 2914 prolata

215 2932 246 2989 in
268 2937 398 3005 sepetem
422 2935 540 2993 domum
563 2933 734 3009 reseratur,
758 2953 800 2994 an
823 2953 902 3010 quae
926 2932 1106 3008 resripatur.

289 3141 314 3190 4.
334 3135 369 3191 H.
387 3155 415 3207 p.
435 3145 477 3193 62.
506 3139 536 3194 li.
552 3159 578 3210 p.
591 3147 614 3195 6.
643 3139 714 3195 reat.
728 3158 756 3209 p.
766 3145 816 3194 146
836 3140 886 3194 M.:
907 3140 1031 3193 Manuos
1047 3168 1079 3178 -
1097 3139 1217 3193 dicatur.

288 3223 311 3271 ῦ.
331 3217 412 3287 Hp.
433 3226 474 3274 62.
504 3219 535 3273 Ε.
550 3239 577 3290 p.
589 3227 613 3274 6.
642 3221 715 3276 Fosi.
731 3239 758 3288 p.
769 3223 817 3272 141
833 3219 882 3273 M.:
903 3219 1222 3288 Idem-suppouatm.

290 3303 315 3351 6.
334 3296 369 3352 Η.
387 3317 415 3368 p.
435 3306 478 3354 63.
506 3299 537 3352 E.
553 3318 579 3368 p.
591 3307 614 3354 6.
644 3301 717 3354 Fosi.
733 3317 760 3368 p.
771 3303 823 3353 210
843 3298 893 3352 M.:
912 3299 1010 3352 Pescia
1023 3329 1057 3337 —
1072 3299 1227 3367 pluraliter.

292 3383 315 3431 7.
335 3376 369 3431 H.
388 3396 415 3447 p.
435 3386 478 3434 66.
508 3379 539 3434 Ε.
554 3398 579 3449 p.
591 3385 616 3434 9.
644 3379 717 3435 Hesi.
732 3397 760 3449 p.
775 3385 824 3433 129
843 3379 895 3435 M.:
910 3378 1026 3432 Manios
1036 3409 1068 3417 -—
1083 3379 1184 3446 laruas,
1197 3379 1227 3433 id
1245 3383 1283 3433 est
1296 3397 1388 3434 manes

216 3459 278 3512 deos
296 3458 412 3526 deasque
432 3461 481 3528 pul
498 3465 547 3514 aut
561 3461 596 3515 ab
610 3461 710 3525 inferia
723 3461 761 3514 ad
773 3474 885 3527 superos
898 3462 1036 3526 emanant,
1050 3463 1099 3512 aut
1115 3459 1220 3512 Mania
1239 3463 1276 3513 est
1295 3475 1387 3514 eorum

216 3537 284 3591 auia
303 3543 435 3592 materna.
474 3539 636 3594 Santonum
655 3540 796 3607 utriusque
814 3537 953 3605 opinionis
971 3543 1100 3593 auctores.

287 3623 311 3672 8.
330 3617 364 3672 H.
385 3636 412 3686 p.
432 3624 474 3672 67.
503 3618 534 3673 Ε.
548 3637 575 3688 p.
591 3624 615 3673 9.
655 3619 728 3673 Post.
743 3638 768 3688 p.
786 3619 895 3674 nou:
912 3620 1285 3674 Monstrum-monestrum.
1315 3621 1385 3673 Item

216 3696 335 3752 Sinnius
355 3697 468 3768 Capito,
487 3700 560 3768 quod
577 3703 706 3752 mmutret
723 3699 849 3764 futurum
866 3705 891 3754 et
906 3703 1013 3753 moneat
1030 3700 1198 3753 uoluntatem
1215 3699 1334 3752 deorum.

285 3783 311 3831 9.
329 3778 363 3833 Η.
384 3797 410 3848 p.
426 3784 468 3832 69.
508 3779 540 3832 Ε.
555 3796 581 3847 p.
597 3783 621 3830 9.
664 3776 737 3833 Fosi.
756 3795 782 3846 p.
800 3783 850 3832 193
870 3779 920 3834 Μ.;
949 3778 1083 3834 Obstitum
1103 3807 1135 3816 -
1155 3778 1236 3831 eaelo.
1275 3776 1385 3833 Oineius

215 3872 295 3926 quom
317 3858 366 3911 deo
393 3859 509 3926 deaeque
531 3857 678 3924 obstiterit,
705 3857 736 3911 id
754 3862 792 3912 est
813 3860 863 3928 qui
880 3859 983 3914 uiderit
1009 3859 1081 3928 quoi
1107 3857 1199 3910 uideri
1216 3857 1295 3924 nefas
1312 3863 1384 3913 esset.

288 3941 329 3992 10.
348 3936 382 3992 H.
402 3955 429 4007 p.
446 3943 487 3991 78.
520 3938 551 3993 Ε.
566 3956 592 4007 p.
606 3944 647 3992 10.
675 3937 749 3992 Fosi.
768 3956 794 4007 p.
810 3944 861 3993 277
876 3938 925 3994 M.:
944 3937 1066 4004 Refriua
1083 3935 1151 4002 faba
1168 3935 1282 4003 dieitur,
1299 3940 1331 3990 ut
1343 3938 1385 3992 ait

216 4015 330 4071 Oineius
347 4032 465 4086 quoque,
482 4033 552 4085 quae
570 4018 607 4072 ad
625 4018 792 4086 sacrificium
809 4019 908 4086 referri
924 4017 989 4071 solat
1007 4032 1030 4070 e.
1045 4031 1071 4082 q.
1088 4033 1108 4068 s.

286 4097 427 4151 Aelius—
437 4097 597 4168 resripatur.
635 4097 689 4152 Sed
706 4099 861 4166 opinionem
880 4096 971 4152 Oineir'
988 4095 1107 4150 adiment
1123 4110 1146 4152 a.
1162 4112 1188 4163 q.
1204 4113 1225 4148 s.

286 4291 313 4358 1)
331 4291 481 4346 saliaribus
499 4290 536 4344 M.
564 4292 755 4346 saecularibus
778 4291 837 4346 aod.
946 4291 974 4358 2)
993 4291 1066 4344 mide
1085 4288 1122 4344 Μ.
1159 4293 1184 4344 et
1203 4288 1263 4342 cod.

215 4372 242 4438 3)
262 4371 393 4425 dieantur
410 4369 447 4424 Μ.
484 4371 616 4425 dicamur
635 4370 695 4423 cod.
821 4373 848 4439 4)
866 4370 954 4424 Aldus
979 4371 1009 4423 ot
1027 4368 1144 4424 Vrsinus
1162 4384 1196 4421 ox
1213 4367 1301 4422 Paulo
1321 4387 1383 4438 sup·

214 4449 369 4525 plenorunt.
461 4455 488 4519 t)
507 4449 563 4504 diei
581 4449 622 4504 ait
641 4449 677 4504 Μ.
700 4450 768 4506 dieii
786 4451 846 4504 cod.
884 4451 1017 4520 quaedam
1035 4449 1110 4504 idem
1132 4465 1201 4520 puae
1220 4448 1280 4504 aod.
