3254 5032
731 352 951 416 ..24-

255 516 374 578 uidetur
400 536 569 596 usurpasse.
615 518 724 578 Contra
748 515 812 576 aliis
835 515 932 576 tribus
955 515 1037 596 lociS,
1060 515 1111 576 ubi
1134 515 1235 577 Aelius
1258 515 1335 596 apud
1358 535 1425 578 eum

255 624 503 675 commemoratur
528 609 607 698 (XIV
623 611 666 676 93
685 622 716 675 et
734 613 793 674 ind.
813 612 878 673 XIV
893 621 922 673 et
936 606 1001 695 XV)
1022 621 1180 692 propterea
1205 612 1284 693 quod
1308 632 1426 694 quoque

255 712 320 772 loco
344 729 402 772 una
426 731 494 772 cum
520 711 660 772 Scaeuola
685 718 715 772 et
737 710 822 771 Ateio
846 710 987 789 Capitone
1011 713 1154 791 occurrit,
1181 729 1197 770 e
1220 710 1296 772 libro
1320 712 1428 793 aliquo,

254 807 305 869 ubi
328 827 386 869 una
410 827 477 869 cum
501 808 559 869 illis
578 807 741 887 appellatus
763 818 841 890 erat,
863 808 912 870 uel
932 809 1057 869 sortasse
1076 825 1113 868 ex
1131 809 1209 868 Ateii
1228 811 1426 870 coniectaneis

256 907 321 966 eius
356 908 467 966 mentio
500 904 573 966 mibi
601 905 722 967 uidetur
749 905 853 968 hausta
881 924 956 966 csse.
964 900 989 988 ¹)
1043 904 1084 965 lle
1118 924 1174 985 qua
1202 906 1290 966 Plinii
1318 907 1427 968 citandi
1467 931 1471 942 ·

253 1005 368 1064 ratione
399 1004 435 1064 cl.
459 1003 575 1084 Brunn,
599 1003 636 1062 dc
660 1011 736 1065 auct.
760 1004 819 1065 ind.
842 1003 984 1064 Plinianis
1008 998 1141 1085 (Bonnae
1167 997 1267 1084 1856)
1290 1022 1317 1083 p.
1340 1002 1356 1066 1
1383 1023 1428 1084 sq.

254 1100 288 1161 ln
311 1099 395 1161 libris
419 1108 517 1161 autem
537 1119 611 1179 quos
631 1102 751 1185 scripsit
770 1099 853 1162 dubii
871 1101 1018 1162 sermonis
1038 1102 1109 1180 quin
1128 1101 1242 1162 Aelium
1261 1103 1427 1182 respexerit

253 1200 304 1260 uix
332 1206 431 1276 potest
459 1197 608 1280 dubitare,
637 1200 771 1278 quisquis
801 1206 909 1279 quanta
932 1197 1032 1259 Aelius
1060 1200 1091 1258 in
1115 1197 1205 1258 rebus
1228 1200 1427 1276 grammaticis

253 1297 388 1356 lloruerit
411 1297 587 1355 auctoritate
606 1295 656 1356 uel
673 1295 828 1375 paululum
845 1296 1006 1375 perspexit.
1043 1293 1082 1355 Et
1100 1312 1170 1355 sane
1190 1294 1333 1356 habemus
1352 1295 1427 1356 duos

253 1393 342 1453 buius
362 1392 430 1453 libri
448 1392 537 1467 locos,
557 1393 609 1453 ubi
628 1393 703 1454 Stilo
722 1400 970 1454 commemoratus
990 1399 1050 1453 est:
1074 1411 1119 1470 ap.
1138 1392 1305 1454 Charisium
1324 1393 1369 1454 ed.
1392 1393 1427 1454 K.

254 1511 282 1570 p.
303 1486 377 1571 129,
399 1486 573 1572 31-130,
592 1484 654 1572 3.2)
691 1490 803 1552 Tamen
827 1490 949 1569 Plinius,
972 1508 1040 1550 cum
1064 1489 1099 1551 H.
1118 1490 1151 1551 N.
1170 1492 1262 1570 praei.
1283 1489 1324 1552 28
1349 1490 1428 1552 dicat

253 1583 391 1647 ‘Stoicos
423 1589 573 1666 parturire
606 1587 750 1649 aduersus
782 1587 897 1658 libellos
931 1607 1005 1667 quos
1038 1589 1074 1648 de
1108 1590 1298 1668 grammatica
1329 1588 1427 1650 edide-

257 1680 324 1765 rit',
356 1682 471 1745 Aelium
505 1683 662 1766 Stilonem,
693 1687 745 1763 qui
777 1687 840 1762 ipse
870 1681 1005 1748 ‘Stoicus
1038 1705 1102 1747 esse
1133 1681 1254 1761 uolult',
1287 1695 1338 1748 aut
1370 1706 1429 1748 non

253 1786 294 1843 ila
317 1800 406 1860 saepe
435 1781 605 1843 adhibuisse
629 1792 680 1844 aut
708 1782 885 1862 plerumque
909 1782 945 1843 ab
969 1802 1004 1842 eo
1028 1783 1149 1844 uidetur
1172 1783 1359 1845 dissensisse.
1388 1805 1429 1827 -·

255 1879 505 1950 Quintilianus
528 1899 600 1941 num
624 1880 660 1940 ad
683 1883 749 1959 ipsa
767 1880 842 1942 Aelii
863 1900 954 1961 opera
972 1880 1148 1961 escenderit,
1168 1876 1379 1959 claussenus³)
1397 1885 1427 1943 iu

255 1976 346 2039 dubio
370 1979 490 2038 uidetur
513 1975 692 2058 relinquere,
715 1997 813 2057 neque
837 1981 916 2040 enim
941 1979 1101 2059 quidquam
1125 1978 1161 2039 de
1180 1978 1236 2038 hac
1254 1981 1427 2058 quaestione

255 2077 341 2156 dicit;
374 2075 447 2135 milri
475 2082 573 2134 tamen
602 2093 638 2134 ex
667 2075 819 2155 omnibuS,
852 2093 926 2154 quae
955 2084 985 2136 et
1014 2069 1193 2157 Christius4)
1228 2084 1257 2136 et
1285 2071 1428 2156 Birtius⁵)

257 2173 427 2233 doctissime
451 2171 487 2230 de
511 2171 646 2232 Remmio
664 2169 840 2232 Palaemone
867 2171 1040 2242 Quintiliani
1064 2174 1094 2232 iu
1118 2175 1317 2252 grammaticis
1341 2175 1428 2252 magi-

256 2279 319 2332 stro
342 2270 581 2350 disputauerunt,
605 2268 854 2330 uerisimillimum
878 2269 998 2332 uidetur
1021 2270 1086 2329 lieri
1110 2269 1322 2340 Quintilianum
1346 2273 1427 2349 quic·

257 2368 328 2447 quid
353 2367 475 2428 Stilonis
503 2367 630 2446 profert,
659 2368 793 2428 Remmio
817 2367 936 2428 debere.
982 2364 1081 2438 Quid?
1127 2366 1306 2428 Claussenus
1330 2385 1428 2428 nonne

257 2485 294 2527 ne
318 2463 481 2526 Varronem
508 2463 628 2543 quidem
656 2466 754 2543 ipsum
783 2483 799 2524 a
829 2464 1009 2535 Quintiliano
1037 2467 1204 2542 inspectum
1233 2483 1299 2526 esse
1328 2467 1430 2543 negari

257 2582 344 2643 posse
373 2559 466 2623 dicit?
512 2561 597 2631 Quod
626 2563 683 2622 etsi
711 2580 765 2640 ego
794 2560 1013 2622 defendendum
1041 2580 1101 2622 non
1129 2564 1302 2643 suscipiam,
1331 2570 1428 2623 tamen

257 2661 314 2722 hoc
338 2666 433 2740 certe,
462 2657 541 2738 quod
565 2658 778 2721 Wilmmnsius
801 2661 832 2719 in
855 2659 945 2720 libelli
974 2677 1062 2738 quem
1086 2661 1207 2736 scripsit
1230 2660 1266 2719 de
1290 2659 1429 2721 Varronis

257 2758 342 2818 libris
366 2758 565 2836 grammaticis
588 2775 617 2836 p.
630 2754 674 2820 46
698 2757 779 2838 dicit,
799 2757 1012 2829 Quintilianum
1031 2757 1165 2817 Remmio
1184 2757 1352 2819 Palaemoni
1375 2760 1428 2818 im-

257 2857 455 2936 pugnationes
478 2853 542 2915 illas
566 2852 675 2916 debere
700 2855 808 2936 quibus
832 2851 908 2936 (16,
927 2852 968 2916 37
989 2847 1047 2936 sq.)
1072 2853 1233 2915 Varronem
1256 2857 1430 2936 insectatur,

259 2951 352 3014 multo
380 2954 473 3030 magis
500 2953 588 3012 etiam
612 2952 647 3012 de
672 2952 794 3014 Stilonis
817 2951 1088 3031 impugnationibus
1112 2952 1170 3013 dici
1192 2961 1301 3032 potest.
1339 2952 1428 3023 Quin-

261 3049 380 3110 tilianus
398 3050 490 3127 igitur
511 3048 632 3110 Stilonis
651 3048 736 3110 libris
754 3069 813 3111 non
832 3050 953 3112 uidetur
971 3068 1044 3111 usus
1064 3069 1139 3111 esse.
1153 3085 1197 3093 -
1222 3050 1431 3132 Suetonius,

260 3150 285 3208 si
308 3165 380 3207 uera
407 3154 452 3206 est
472 3146 561 3206 lectio
585 3147 722 3208 anecdoti
740 3145 867 3208 Parisini
885 3167 901 3208 a
919 3147 1164 3209 Reillerscheidio
1187 3141 1285 3231 (Suet.
1305 3169 1333 3228 p.
1351 3145 1429 3230 138)

259 3243 422 3324 paullulum
446 3251 567 3318 mutata,
590 3242 664 3304 Aelii
682 3247 888 3306 recensionem
908 3247 1065 3307 satirarum
1084 3245 1302 3306 Lucilianarum
1322 3248 1352 3306 in
1371 3265 1430 3307 ma-

260 3439 398 3500 Gellius
415 3433 466 3520 (dc
485 3459 544 3518 quo
565 3441 736 3501 conferatur
750 3439 959 3501 Kretzschmer
978 3440 1014 3499 dc
1029 3441 1061 3500 Α.
1071 3439 1156 3501 Gellii
1171 3440 1302 3502 lontibus
1317 3441 1394 3503 Part.
1409 3441 1431 3505 l.

260 3537 424 3598 Posnaniae
451 3533 546 3600 1860.
569 3558 596 3616 p.
615 3531 674 3621 41)
698 3557 771 3619 uno,
799 3547 833 3599 ut
859 3540 916 3597 iam
940 3538 1083 3618 uidimus,
1110 3537 1175 3598 loco
1200 3537 1343 3600 Stilonem
1366 3543 1430 3620 ipse

262 3637 401 3717 inspexit,
424 3653 484 3695 uno
505 3629 543 3716 (V
557 3632 610 3714 21,
626 3629 661 3717 6)
685 3653 701 3694 e
722 3635 817 3695 Sinnii
836 3635 986 3715 Capitonis
1006 3634 1131 3713 epistula
1150 3634 1247 3713 aliqua
1266 3639 1331 3697 eius
1349 3656 1430 3699 men·

262 3735 373 3793 tionem
396 3726 536 3814 hausul),
560 3751 629 3815 uno,
653 3741 687 3793 ut
709 3731 781 3793 mibi
805 3731 924 3811 quidem
949 3733 1077 3812 uidetur,
1100 3731 1236 3792 Verrium
1260 3728 1431 3818 Flaccum)

263 3839 386 3891 secutus
409 3838 464 3910 est,
487 3829 610 3911 reliquis
630 3829 799 3892 Varronem.
813 3863 857 3874 -—
876 3830 1058 3892 Arnobius
1082 3847 1169 3908 quam
1193 3826 1274 3912 (adu.
1299 3835 1432 3894 nationes

335 4030 361 4096 1)
381 4025 435 4081 Cur
458 4027 571 4082 omnino
590 4028 727 4084 Stilonem
748 4029 795 4084 hic
812 4028 1034 4098 intellegendum
1051 4027 1147 4097 putem
1171 4029 1286 4098 exposui
1308 4029 1338 4083 in
1365 4029 1430 4086 edn.

262 4108 298 4161 nd
312 4108 376 4162 test.
391 4112 435 4162 20.
489 4108 516 4176 2)
535 4107 575 4162 De
590 4106 682 4163 Plinio
696 4107 796 4164 horum
809 4110 934 4166 locorum
953 4110 1066 4164 anctore
1080 4108 1114 4162 cf.
1130 4108 1338 4178 Schottmiiller,
1353 4111 1387 4164 de
1402 4109 1431 4164 C.

261 4184 347 4240 Plinii
367 4184 488 4240 Secundi
505 4185 586 4240 libris
605 4187 797 4256 grammaticis
814 4208 841 4260 p.
857 4197 899 4246 39.
971 4191 999 4258 3)
1024 4189 1207 4255 Quaestioncs
1226 4187 1432 4253 Quintilianeae

263 4266 326 4336 Lps.
343 4271 420 4321 1813.
435 4285 461 4335 p.
472 4272 532 4322 392.
552 4266 647 4322 Etiam
660 4267 689 4320 in
703 4268 795 4323 Iahnii
808 4269 908 4323 Annal.
924 4269 1014 4339 suppl.
1028 4267 1075 4324 VI.
1112 4272 1140 4337 4)
1159 4267 1260 4322 Philol.
1278 4274 1310 4324 18
1328 4287 1355 4339 p.
1372 4275 1431 4327 126.

264 4350 290 4412 ὃ)
311 4343 381 4399 Mus.
401 4344 488 4398 Rhen.
504 4351 546 4411 34,
560 4365 587 4415 p.
602 4351 637 4400 24
651 4363 691 4415 sq.
752 4351 779 4417 6)
799 4347 838 4403 Cf.
855 4349 892 4403 M.
907 4349 1017 4404 Hertz.
1037 4349 1071 4403 de
1087 4348 1182 4403 Sinnio
1198 4347 1333 4417 Capitone
1346 4367 1374 4418 p.
1390 4355 1432 4407 1⁷.

263 4422 448 4492 Merclxlin,
463 4423 540 4480 lehn.
555 4425 646 4480 uunnl.
662 4425 752 4496 suppl.
763 4427 801 4480 lll
815 4430 1009 4496 postetam.
1061 4431 1088 4498 l)
1102 4429 1144 4484 Cf.
1158 4427 1265 4487 sunau
1279 4428 1377 4498 fragm.
1388 4435 1431 4484 40.
