3254 5032
656 1427 931 1503 Praefatio

293 1609 366 1672 Cum
386 1611 423 1670 de
443 1607 639 1686 scriptoribus
658 1607 858 1668 Romanorum
878 1609 922 1666 eis
938 1625 1066 1685 quorum
1080 1605 1149 1666 libri
1163 1604 1249 1666 nobis
1264 1606 1376 1665 seruati

208 1716 286 1788 sunt,
309 1710 366 1768 iam
390 1726 412 1790 a,
426 1709 645 1768 renascentium
667 1705 953 1771 litterarumactate
971 1704 1119 1783 permulta
1138 1705 1247 1783 optime
1267 1704 1377 1780 scripta

206 1807 266 1866 sint
289 1814 319 1865 et
341 1805 500 1885 disputata,
523 1805 579 1865 boc
603 1804 722 1864 demum
746 1803 872 1883 saeculo,
897 1812 1040 1882 quantum
1063 1802 1136 1862 mibi
1155 1801 1275 1880 quidem
1294 1803 1377 1860 inno-

205 1906 278 1982 tuit,
302 1905 346 1963 eis
370 1922 501 1982 quoque,
525 1920 653 1980 quorum
676 1920 711 1962 ex
735 1900 819 1961 libris
836 1909 955 1980 praeter
974 1901 1137 1979 fragmenta
1157 1899 1299 1978 quaedam
1319 1899 1377 1958 dis-

206 2018 292 2080 persa
312 2019 346 2060 ac
365 2001 506 2080 dissipata
525 1999 602 2078 apud
622 1999 695 2059 alios
714 2000 876 2077 scriptores
897 1997 970 2057 nibil
989 1997 1025 2057 ad
1043 1997 1119 2057 banc
1139 2015 1234 2076 nsque
1253 2005 1378 2056 aetatem

205 2100 361 2173 remansit,
385 2099 500 2158 enixius
524 2115 645 2176 operam
668 2115 777 2157 nauare
801 2097 860 2155 uiri
883 2095 964 2156 docti
987 2101 1158 2172 coeperunt.
1199 2092 1280 2153 lnter
1304 2110 1378 2170 quos

207 2191 369 2274 scriptores
393 2214 453 2255 non
478 2197 611 2256 infimum
636 2203 718 2255 tenet
736 2193 834 2253 locum
854 2193 886 2253 L.
900 2192 1000 2252 Aelius
1020 2191 1093 2253 Stilo
1112 2191 1323 2270 Praeconinus,
1342 2189 1378 2248 de

210 2311 268 2370 quo
297 2293 347 2353 diu
376 2293 446 2371 quid
476 2292 657 2354 censendum
681 2301 761 2352 esset
783 2293 842 2350 uiri
865 2290 946 2350 docti
968 2289 1156 2370 dubitabant,
1183 2289 1278 2348 donec
1301 2306 1378 2347 anno

205 2389 295 2450 huius
319 2389 429 2450 saeculi
451 2389 757 2467 undequadragesimo
780 2387 958 2448 nitidissima
983 2386 1032 2447 illa
1050 2395 1138 2466 atque
1157 2387 1379 2447 accuratissima

207 2486 318 2566 prodiit
337 2485 514 2566 disquisitio,
535 2504 622 2564 quam
637 2485 658 2546 l.
673 2485 706 2545 Α.
721 2483 751 2545 C.
766 2503 822 2545 van
835 2485 965 2567 Heusde,
983 2485 1150 2564 philologus
1168 2483 1307 2562 Batauus,
1327 2477 1379 2542 ‘de

208 2583 239 2643 L.
254 2583 336 2643 Aelio
356 2582 482 2663 Stilone,
513 2582 665 2644 Ciceronis
688 2585 719 2642 in
742 2583 901 2643 rhetoricis
924 2583 1078 2662 magistro,
1102 2582 1320 2642 rhetoricorum
1343 2581 1379 2640 ad

208 2679 391 2740 Herennium
420 2675 557 2744 auctore’
588 2675 814 2760 conscripsit.¹)
866 2679 960 2750 Quem
988 2678 1121 2741 libellum
1144 2698 1211 2740 cnm
1236 2697 1303 2760 ego,
1331 2681 1380 2738 cui

209 2778 306 2839 studia
325 2779 514 2856 grammatica
534 2785 563 2837 et
578 2777 758 2838 Graecorum
777 2785 808 2836 et
826 2776 1028 2837 Romanorum
1047 2796 1165 2856 semper
1185 2776 1267 2836 cordi
1287 2785 1380 2856 erant,

206 2873 400 2954 perlegerem,
424 2875 515 2935 multa
538 2876 569 2933 in
593 2892 628 2934 eo
652 2877 750 2935 inesse
774 2874 846 2935 mihi
868 2873 1057 2956 uidebantur,
1079 2893 1153 2953 quae
1178 2877 1235 2935 etsi
1257 2873 1379 2952 diligen-

207 2973 321 3032 tissime
351 2973 518 3050 conquisita
542 2980 572 3031 et
594 2974 831 3050 ingeniosissime
856 2973 1021 3050 excogitata
1045 2980 1159 3052 essent,
1187 2981 1286 3032 tamen
1309 2970 1379 3030 buic

208 3072 306 3144 aetati,
329 3071 360 3128 in
384 3069 492 3130 litteris
517 3077 598 3129 certe
622 3069 771 3148 aliquanto
790 3072 987 3150 prouectiori,
1011 3088 1070 3130 non
1090 3072 1146 3130 iam
1167 3070 1379 3130 satisfacerent.

208 3166 280 3225 Nam
309 3173 343 3227 ut
371 3168 504 3226 omittam
529 3165 652 3226 Heusdii
680 3169 850 3246 opinionem
879 3168 915 3227 de
945 3166 1057 3227 Stilone
1085 3167 1314 3227 Rhetoriccrum
1344 3165 1379 3224 ad

207 3261 390 3323 Herennium
409 3270 540 3342 auctore,
560 3281 649 3341 quam
667 3282 746 3324 nuno
766 3282 802 3324 ne
818 3263 914 3324 relelli
933 3265 1052 3342 quidem
1070 3283 1145 3344 opus
1161 3272 1215 3344 est,
1233 3263 1288 3323 alia
1308 3281 1379 3340 quo-

208 3378 275 3441 que,
299 3378 374 3438 quae
394 3359 442 3419 ille
462 3363 607 3442 exposuit,
625 3363 828 3422 recentiorum
845 3361 1063 3440 philologornm
1082 3363 1211 3442 scriptis,
1235 3363 1380 3440 imprimis

208 3456 371 3535 Ritscbelii,
394 3455 506 3517 Herlzii
530 3452 597 3540 (qui
621 3459 657 3519 de
682 3457 878 3537 scriptoribus
902 3457 959 3518 ibis
983 3468 1017 3518 ut
1039 3461 1080 3519 ita
1099 3459 1195 3519 dicam
1214 3457 1380 3519 minoribus

208 3556 317 3634 optime
337 3547 470 3637 meruit),
484 3555 516 3616 L.
532 3554 674 3636 Muelleri,
692 3556 866 3638 Mercklinii,
885 3559 989 3617 sinon
1008 3557 1145 3637 refutata,
1165 3564 1264 3616 tamen
1283 3555 1380 3633 aliqua

208 3671 245 3711 ex
272 3660 357 3730 parte
385 3659 563 3712 commutata
587 3661 616 3713 et
639 3665 774 3715 correcta
798 3663 875 3715 sunt.
927 3653 1020 3724 Quam
1044 3653 1081 3713 ob
1105 3672 1168 3714 rem
1193 3671 1252 3712 non
1275 3653 1379 3712 inutile
1460 3669 1464 3682 ’

210 3749 282 3808 mibi
309 3751 409 3809 uisum
437 3757 482 3809 est
510 3756 602 3809 totam
632 3749 711 3810 illam
740 3752 776 3812 de
802 3753 884 3812 Aelio
909 3751 1022 3812 Stilone
1051 3752 1254 3829 quaestionem
1282 3751 1379 3810 denuo

210 3854 346 3927 tractare,
365 3855 453 3925 atque
473 3849 589 3908 etiamsi
607 3848 671 3926 ipse
691 3847 783 3908 multa
801 3867 878 3909 nona
895 3847 1050 3908 enucleare
1066 3864 1126 3906 non
1139 3864 1267 3926 possem,
1281 3854 1379 3906 tamen

210 3962 405 4022 quaecunque
429 3954 496 4023 post
516 3944 681 4006 Heusdium
703 3963 720 4004 a
743 3947 818 4005 uiris
841 3946 935 4005 doctis
958 3945 995 4004 de
1019 3944 1068 4004 illo
1088 3946 1278 4022 grammatico
1302 3945 1380 4004 dicta

210 4050 310 4102 essent
333 4042 381 4102 uel
405 4045 528 4124 scripta,
551 4045 581 4103 in
604 4061 698 4103 unum
721 4059 892 4120 congerere.

283 4277 308 4345 1)
331 4275 448 4330 Praeter
474 4276 630 4332 Heusdium
654 4277 769 4333 Stilonis
792 4277 952 4346 fragmenta
975 4274 1091 4344 collegit
1114 4278 1146 4330 A.
1165 4276 1196 4330 Ε.
1216 4277 1322 4346 Egger,
1350 4277 1380 4329 in

208 4355 270 4410 Lat.
289 4372 370 4412 serm.
389 4359 444 4410 uet.
460 4357 520 4410 rell.
541 4355 668 4426 (Parisiis
685 4358 764 4426 1843)
782 4375 809 4426 p.
825 4364 920 4425 2—13,
939 4357 987 4411 sed
1007 4355 1067 4410 sine
1086 4372 1188 4425 magno
1207 4357 1312 4421 fruetu;
1332 4355 1379 4423 qui
1431 4408 1435 4411 .

208 4434 281 4490 liber
299 4451 349 4490 suo
368 4434 431 4491 loco
451 4437 624 4504 respicietur.
741 4449 742 4452 ’

1130 4525 1166 4575 l*
