3254 5032
755 395 951 458 -g-

270 562 371 635 explet
390 561 603 632 concluditque
616 553 801 618 sententies?
832 557 885 618 Vbi
907 527 1021 635 primus
1036 557 1185 618 Ausonius
1201 555 1319 638 Popma,
1334 556 1441 617 deinde

269 677 338 718 eum
358 659 454 718 secuti
472 655 521 716 alii
545 651 590 715 ‘L
606 651 708 716 Aello’
728 655 960 736 substituerunt3
983 655 1073 734 idque
1094 663 1123 716 et
1139 673 1175 714 eo
1194 655 1337 736 firmatur,
1362 655 1440 733 quod

270 758 301 816 in
329 754 404 814 libro
433 754 483 815 illo
511 753 658 833 Antipatri
686 753 739 814 Gai
767 753 892 814 Gracchi
922 771 1001 813 mors
1034 760 1263 813 commemorata
1291 763 1355 813 erat
1389 746 1441 833 (ci.

271 854 330 915 Cic.
354 854 390 913 de
415 852 475 913 diu.
497 851 510 910 i
534 848 587 929 26,
610 844 681 932 56),
710 869 797 930 quam
826 860 893 930 post
916 850 1008 911 Laelii
1031 868 1168 911 occasum
1193 850 1335 911 accidisse
1363 851 1442 910 ueri-

271 951 366 1013 simile
390 942 483 1033 estl),
512 956 541 1008 et
565 966 599 1008 eo
624 948 701 1027 quod
727 947 843 1010 Caelius
865 948 979 1008 homini
1002 947 1044 1008 illi
1068 967 1099 1009 se
1123 957 1231 1027 purgat
1254 946 1290 1008 de
1314 966 1347 1008 re
1371 965 1441 1026 qua-

271 1049 338 1110 dam
369 1047 572 1128 grammatica,
605 1064 691 1124 quam
725 1045 910 1125 disciplinam
940 1046 1057 1106 Laelius
1082 1046 1205 1125 Sapiens
1233 1054 1314 1106 certe
1344 1048 1443 1106 minus

273 1144 438 1226 spectabat3
462 1143 490 1203 id
512 1142 590 1222 quod
609 1161 696 1202 nemo
716 1142 811 1203 adhuc
831 1146 902 1204 satis
921 1145 994 1205 mihi
1013 1144 1132 1205 uidetur
1151 1145 1306 1224 pressisse.
1337 1142 1443 1214 Quam-

275 1262 361 1323 quam
386 1243 512 1303 iortasse
540 1242 595 1301 hoc
623 1241 718 1320 possit
746 1243 870 1322 opponi:
903 1259 970 1302 cum
993 1241 1125 1303 Lucilius
1149 1241 1263 1301 Aelium
1292 1240 1443 1320 appellans

273 1344 390 1421 uitiosa,
409 1349 443 1401 ut
463 1339 638 1399 Cornificius
658 1339 740 1420 dicit,
762 1347 865 1400 utatur
883 1338 1045 1400 uerborum
1064 1342 1247 1420 traiectione,
1270 1357 1342 1399 num
1365 1340 1443 1398 ueri-

219 1498 220 1501 ,
272 1439 366 1499 simile
396 1445 441 1498 est
465 1436 595 1497 Caelium
623 1436 718 1497 eidem
747 1437 861 1496 homini
889 1436 925 1497 de
955 1435 1057 1497 eodem
1082 1439 1156 1498 uitio
1185 1455 1216 1496 se
1246 1432 1445 1516 purgauisse‘l

273 1535 358 1606 Quod
387 1542 594 1613 argumentum
623 1541 737 1594 tantum
761 1533 845 1594 abest
867 1544 901 1595 ut
923 1534 1066 1614 infringat
1096 1536 1273 1595 sententiam
1302 1540 1445 1611 nostram,

274 1641 307 1694 ut
331 1651 395 1692 eam
420 1632 584 1692 conlirmet.
622 1630 698 1701 Quid
719 1628 819 1692 euim?
855 1632 987 1693 Lucilius
1011 1634 1169 1693 satirarum
1193 1634 1322 1711 scriptor
1345 1649 1443 1691 nonne

273 1734 374 1791 iocans
398 1747 431 1788 ea
455 1730 527 1807 ipsa,
551 1746 639 1806 quam
662 1727 762 1787 Aelius
786 1727 920 1789 adhiberi
943 1729 1075 1811 uetabat,
1098 1732 1129 1789 in
1153 1731 1226 1809 ipsis
1250 1728 1445 1790 dedicationis

275 1827 378 1889 uerbis
396 1826 493 1904 potuit
512 1827 556 1885 uti
574 1824 714 1903 loquendi
734 1822 850 1885 torma?
882 1825 984 1904 ltaque
1003 1825 1075 1887 iilud
1095 1829 1203 1906 ipsum,
1223 1827 1301 1906 quod
1322 1835 1351 1886 et
1366 1827 1444 1906 apud

275 1925 390 1986 Aelium
413 1921 519 1982 Lucilii
543 1931 573 1982 et
596 1921 673 2001 apud
697 1920 829 1983 Laelium
851 1923 934 1983 illum
953 1924 1101 2004 Antipatri
1125 1926 1259 1984 traiectio
1284 1923 1445 1985 uerborum

275 2027 531 2099 commemoratur,
547 2039 659 2080 nouum
674 2021 794 2080 uidetur
808 2027 1015 2098 argumentum
1031 2039 1105 2103 esse,
1120 2041 1179 2100 quo
1197 2021 1333 2101 Popmae,
1353 2020 1446 2080 Krau-

276 2122 312 2180 sii
336 2112 428 2202 (Hist.
452 2117 554 2195 fragm.
578 2136 606 2195 p.
627 2111 714 2197 184),
743 2116 918 2176 Mommseui
942 2111 1029 2199 (Hist.
1053 2113 1151 2180 Ιῖοιιι.ἵ
1174 2118 1200 2176 li
1223 2137 1251 2196 p.
1273 2115 1366 2199 457),
1389 2118 1447 2178 Lu·

278 2219 354 2277 ciani
369 2214 504 2276 Muelleri
523 2208 629 2298 (Lucil.
648 2234 675 2294 p.
692 2209 779 2295 194),
793 2213 918 2273 aliorum
938 2216 1083 2275 sententia
1098 2217 1242 2276 firmetur.
1275 2215 1348 2275 Nam
1368 2215 1446 2294 quod

276 2315 396 2376 Meltzer
420 2321 507 2390 negat
531 2306 619 2394 (Diss.
644 2313 681 2373 de
704 2313 734 2373 L.
755 2311 833 2373 Cocl.
852 2313 950 2391 Antip.
974 2331 1001 2390 p.
1022 2309 1064 2373 14
1084 2306 1165 2394 adn.)
1194 2311 1335 2393 Caelium,
1358 2329 1448 2391 quem

276 2433 300 2473 a.
321 2432 348 2473 u.
368 2407 433 2473 580
462 2419 563 2470 natum
592 2429 658 2471 esse
686 2417 784 2490 putat,
816 2409 923 2469 librum
955 2427 1055 2490 suum,
1090 2411 1142 2488 qui
1169 2427 1228 2468 non
1258 2409 1352 2469 multo
1380 2415 1448 2488 post

277 2509 307 2571 C.
326 2509 452 2570 Gracchi
475 2517 601 2569 mortem
625 2508 723 2568 editus
747 2515 834 2586 esset,
858 2505 940 2566 Aelio
965 2505 1079 2586 Stiloni,
1104 2524 1192 2585 quem
1216 2524 1241 2568 a.
1259 2525 1288 2566 u.
1308 2503 1374 2566 620
1398 2524 1448 2566 na·

278 2619 340 2670 tum
356 2608 512 2684 existimat,
531 2605 590 2664 illis
604 2604 790 2685 temporibus
805 2603 962 2664 admodum
977 2602 1157 2664 adolescenti
1172 2605 1291 2664 mittere
1304 2605 1449 2683 potuisse,

278 2705 350 2764 haec
370 2722 415 2784 eo,
439 2702 518 2781 quod
542 2709 609 2763 ante
634 2705 825 2781 exposuimus
845 2701 988 2762 Stilonem
1007 2721 1032 2761 a.
1051 2721 1080 2763 u.
1099 2697 1165 2762 594
1188 2710 1289 2761 natum
1314 2719 1389 2781 esse,
1408 2703 1449 2761 ir-

279 2803 334 2862 rita
359 2802 422 2860 lieri
446 2818 533 2860 nemo
557 2818 615 2860 non
641 2800 730 2860 uidet.
754 2833 796 2841 —
822 2800 880 2860 Sed
904 2799 1060 2860 redeamus
1088 2800 1123 2859 ad
1148 2799 1221 2859 teht
1250 2801 1341 2859 uitam
1365 2817 1448 2859 enar-

279 2897 408 2959 randum.
446 2896 548 2975 ltaque
571 2906 729 2976 postquam
754 2915 822 2956 cum
841 2896 958 2958 Metello
983 2916 1018 2957 ex
1042 2895 1146 2956 exsilio
1168 2895 1290 2958 Romam
1314 2900 1450 2978 reuertit,

279 2995 451 3056 erudiendis
470 2993 711 3055 adulescentibus
730 3011 850 3073 operam
870 2993 951 3054 dedit
969 3003 999 3054 et
1017 2995 1166 3054 orationes
1185 2994 1368 3055 nobilissimo
1388 2999 1448 3057 cui·

280 3114 337 3173 que
372 3090 507 3152 scribens
538 3109 702 3170 cognomen
732 3091 854 3151 Stilonis
887 3089 944 3150 sibi
975 3092 1101 3171 peperit.
1142 3089 1184 3150 Gi.
1209 3089 1268 3150 Cic.
1292 3091 1375 3152 Brut.
1399 3089 1451 3173 56,

280 3186 456 3252 205-206
472 3215 513 3236 =
529 3197 596 3250 test.
613 3186 663 3250 11.
698 3188 806 3269 Meyer,
826 3187 906 3248 Orat.
920 3173 1004 3248 Rom.
1019 3179 1136 3265 fragm.2
1154 3183 1246 3265 1842,
1264 3206 1291 3265 p.
1306 3185 1371 3250 336
1387 3207 1450 3268 sqq.

282 3287 408 3366 Scripsit
438 3295 537 3348 autem
564 3287 714 3347 orationes
743 3286 843 3357 Quint.
866 3284 992 3345 Caecilio
1016 3283 1133 3344 Metello
1158 3283 1277 3364 Nepoti,
1308 3285 1450 3346 Balearici

281 3385 354 3465 ulio,
379 3384 527 3445 consulari
551 3378 590 3465 (a.
610 3403 637 3445 u.
658 3379 750 3465 657),
774 3383 807 3455 0.
828 3383 956 3443 Seruilio
980 3381 1132 3459 Caepioni,
1156 3379 1190 3451 0.
1208 3381 1349 3460 Pompeio
1374 3382 1450 3443 Ruso

282 3479 321 3564 (a.
336 3477 425 3562 664),
449 3480 479 3542 C.
499 3481 617 3541 Aurelio
638 3480 739 3542 Cottae
763 3481 883 3542 tribuno
907 3474 946 3560 (a.
967 3469 1090 3560 664).²)
1127 3477 1164 3537 Et
1184 3496 1360 3557 quamquam
1386 3483 1449 3540 sine

283 3580 372 3640 dubio
393 3581 479 3638 etiam
499 3576 564 3636 aliis
584 3579 732 3637 orationes
751 3579 880 3658 scripsit,
901 3593 1027 3654 quorum
1047 3576 1164 3634 nomina
1187 3575 1272 3635 nobis
1286 3579 1451 3657 perierunt,

356 3762 381 3826 1)
396 3757 491 3812 Fuisse
507 3772 569 3812 eum
583 3756 619 3811 ob
633 3771 756 3823 causam,
772 3755 820 3824 qui
834 3755 902 3810 duos
915 3755 1002 3811 libros
1012 3752 1191 3825 Antipatrum
1202 3753 1343 3823 scripsisse
1358 3773 1451 3811 cense-

284 3838 353 3905 rent,
369 3854 486 3905 quorum
501 3836 575 3892 alter
590 3836 664 3891 esset
678 3834 783 3890 bellum
792 3835 937 3903 Punicum,
951 3836 1068 3903 ulteris,
1082 3835 1130 3904 qui
1144 3833 1181 3888 ad
1190 3834 1318 3889 Laelium
1332 3835 1451 3905 scriptus

283 3917 370 3985 euseb,
394 3917 468 3972 iuter
486 3932 582 3970 omnes
600 3918 697 3969 notum
717 3918 766 3969 est.
805 3915 845 3971 cf.
861 3915 980 3984 Teuffel,
1000 3916 1033 3971 H.
1048 3914 1078 3968 L.
1093 3913 1139 3968 R.⁴
1157 3932 1184 3983 p.
1200 3919 1259 3969 216.
1316 3916 1344 3983 2)
1363 3915 1417 3970 Hic
1435 3933 1452 3969 u

283 3999 395 4067 Meyero
418 3996 566 4064 dissentio,
591 3995 639 4065 qui
657 3997 694 4066 (p.
710 4000 772 4064 337)
796 3998 910 4065 propter
933 3993 1208 4061 cinewissem
1228 3993 1338 4049 Aelium
1358 3996 1452 4064 plures

283 4077 423 4132 orationes
442 4077 541 4131 Cottae
559 4075 661 4130 suanir
678 4074 835 4145 scripsisse;
861 4074 976 4130 minime
995 4073 1069 4129 enim
1092 4075 1146 4128 hoc
1164 4090 1179 4128 e
1200 4073 1341 4130 Ciceronis
1359 4075 1452 4130 uerbis

283 4160 414 4228 apparet,
442 4157 491 4212 sed
512 4157 658 4211 ‘Aelianas
676 4157 746 4211 lares
764 4155 970 4212 oratiunculuc’
991 4153 1142 4223 significat:
1173 4155 1277 4209 ‘oratio
1301 4160 1357 4209 tem
1376 4157 1452 4223 lenis,

283 4237 376 4307 quales
394 4236 491 4291 Actius
508 4236 674 4291 conscribere
692 4236 812 4292 solebat?
852 4233 932 4304 (Eine
950 4233 1027 4288 Reda
1051 4250 1105 4289 von
1124 4234 1173 4289 der
1191 4233 1326 4303 geringen
1344 4233 1452 4290 Bedeu·

285 4320 369 4386 tung,
397 4314 450 4370 wie
474 4315 513 4369 sie
539 4315 572 4370 A.
590 4315 748 4384 veriosste.)
785 4314 889 4369 Eadem
913 4314 1000 4384 igitur
1023 4313 1155 4383 loquendi
1178 4314 1269 4368 forms
1289 4313 1385 4376 Cicero
1407 4315 1453 4370 hic

285 4412 350 4449 usus
370 4395 422 4462 est,
441 4395 550 4462 quade
569 4396 639 4448 oret.
658 4393 697 4447 ΙΙΙ
718 4399 759 4461 15,
779 4399 826 4447 56:
851 4393 940 4448 ‘Hinc
957 4395 1002 4450 illi
1019 4393 1156 4465 Irycnrpi,
1174 4394 1238 4448 ltine
1257 4393 1372 4462 Pittaci,
1387 4395 1453 4454 hinc

285 4474 396 4529 Solones
412 4474 545 4542 fuerunt?
1337 4467 1339 4478 '
