3254 5032
750 363 969 427 -12-

277 521 478 604 Steinthaiii¹i
501 527 585 587 tibris
609 533 668 586 tam
691 525 767 586 bene
791 526 974 606 adiuuamur,
1006 529 1056 587 uix
1085 538 1119 588 ut
1142 547 1219 588 noua
1244 528 1328 588 nobis
1351 531 1446 608 inqui·

277 627 385 685 sitione
409 643 484 703 opus
504 627 550 685 sit.
588 624 645 695 Qui
665 626 722 684 uiri
742 625 822 684 docti
841 625 937 686 iocum
958 629 1053 686 secuti
1072 627 1229 704 Augustini
1248 621 1333 707 (liial.
1353 629 1447 706 princ.

278 741 303 782 c.
319 714 354 804 6)
375 721 459 782 aTh.
479 721 609 782 Stanleio
631 718 719 802 (Hist.
733 721 837 801 philos.
857 743 884 802 p.
900 719 964 783 666
980 717 1072 803 Lips)
1092 726 1221 802 primurn
1240 722 1388 784 laudatum
1407 759 1444 768 —

277 837 365 898 quern
385 815 629 902 Witmannsiusi)
654 819 688 880 R.
708 819 904 881 Schmidtium
929 819 1034 900 (Stoic.
1054 839 1174 899 gramm.
1194 841 1222 900 p.
1243 818 1283 882 27
1304 821 1368 881 adn.
1389 818 1446 904 45)

278 926 400 978 secutus
419 935 435 976 e
456 916 596 977 Varronis
620 918 656 978 de
679 918 778 995 lingua
798 918 900 978 Latina
924 917 1008 977 libris
1028 918 1151 979 il-iiii
1170 927 1254 998 putat
1269 919 1389 979 fluxisse
1406 952 1443 962 -

277 1021 417 1093 quattuor
452 1014 657 1075 demonstrant
692 1014 801 1075 Stoicis
834 1016 925 1075 inisse
959 1018 1089 1076 rationes
1122 1016 1229 1096 quibus
1262 1016 1445 1094 singularum

276 1129 385 1171 uocum
412 1110 542 1190 origines
564 1113 745 1189 inuestigare
770 1123 963 1175 conarentur:
987 1117 1135 1193 primam
1159 1114 1250 1173 inisse
1275 1104 1372 1174 ‘aava
1395 1113 1445 1194 μί-

274 1204 402 1290 pqoaa',
426 1216 513 1289 atque
537 1209 625 1270 talem
645 1212 706 1269 uim
725 1209 873 1291 habuisse,
898 1219 931 1271 ut
950 1230 983 1272 ea
1002 1211 1094 1272 uerba
1113 1213 1347 1291 inquirerentur,
1371 1230 1444 1290 quae

276 1325 347 1367 sono
372 1325 426 1367 suo
451 1326 519 1368 curn
543 1327 575 1368 re
599 1309 695 1387 aliqua
720 1307 911 1369 similitudine
939 1313 1142 1370 concinerent.
1166 1307 1252 1368 ·Nam'
1272 1327 1359 1368 omne
1379 1327 1445 1370 uer·

277 1404 347 1464 burn
371 1407 399 1464 ei
423 1423 510 1484 quam
535 1407 682 1484 significet
709 1407 754 1464 rei
781 1405 890 1466 debere
914 1409 1104 1486 respondere.
1151 1406 1205 1466 Cui
1229 1406 1397 1466 condicioni
1421 1409 1446 1466 si

277 1505 443 1583 proximum
475 1503 674 1582 ueriioquium
705 1521 764 1562 non
795 1505 955 1566 satisfaciat
981 1508 1046 1566 eins
1074 1524 1180 1566 rursus
1209 1506 1352 1583 originem
1380 1523 1445 1565 esse

275 1602 489 1682 quaerendam,
518 1596 632 1663 ‘donec
650 1605 856 1678 perueniatur
879 1621 927 1684 eo,
957 1611 991 1663 ut
1013 1623 1064 1665 res
1092 1622 1160 1666 cum
1182 1620 1256 1663 sono
1280 1603 1369 1663 uerbi
1391 1607 1444 1664 ati-

274 1719 335 1776 que
353 1704 549 1761 similitudine
573 1694 736 1761 concinat?
774 1699 859 1770 Quod
884 1696 1079 1762 ‘concinere'
1100 1720 1159 1781 qno
1179 1700 1266 1761 modo
1286 1701 1335 1760 iiat
1353 1702 1383 1760 in
1403 1703 1446 1760 eis

274 1798 374 1879 rebuS,
398 1817 472 1878 quae
498 1817 557 1858 non
581 1805 695 1878 sonant,
723 1798 779 1856 etsi
802 1797 838 1856 ab
862 1798 1026 1875 Augustino
1051 1798 1127 1858 bene
1151 1797 1324 1880 explicatur,
1348 1807 1444 1858 tamen

273 1895 321 1956 hic
349 1895 469 1974 longum
498 1903 544 1956 est
572 1913 729 1975 exponere.
762 1928 800 1936 -
832 1895 953 1955 Altera
982 1898 1075 1955 ratio
1105 1903 1150 1955 cst
1169 1914 1279 1955 rerum
1307 1898 1385 1955 inter
1413 1914 1453 1955 se·

273 1993 450 2077 similitudo,
478 1991 529 2056 ‘ut
556 2013 625 2055 cum
652 1997 742 2055 uerbi
770 2012 865 2055 causa
889 2011 970 2054 crum
992 2000 1159 2070 propterea
1183 1995 1267 2053 dicta
1290 1997 1342 2066 sit,
1365 1997 1448 2067 quod

274 2096 368 2169 ipsius
391 2077 481 2152 uerbi
503 2096 654 2168 asperitas
677 2109 745 2152 cum
770 2094 894 2164 doloris,
923 2109 1010 2165 quem
1037 2109 1119 2150 cruor
1143 2091 1251 2165 efficit,
1280 2094 1446 2166 asperitate

273 2193 452 2250 concordet:
476 2208 573 2250 crura
593 2197 770 2250 tamennon
789 2195 919 2264 propter
937 2191 1133 2264 asperitatem
1153 2191 1274 2261 doloris,
1293 2191 1348 2248 sed
1365 2191 1447 2262 quod

273 2291 462 2363 tonpitudine
491 2297 582 2364 atque
610 2291 724 2348 duritie
753 2291 832 2347 inter
860 2288 994 2346 membra
1021 2294 1126 2346 cetera
1154 2289 1215 2345 sint
1237 2288 1318 2360 tipno
1342 2289 1445 2345 crucis

273 2389 422 2446 similiora
445 2389 491 2446 sic
514 2389 666 2462 appellata
689 2379 779 2443 sunt'
805 2415 843 2424 -
870 2383 993 2443 Tertia
1022 2390 1067 2442 est
1090 2385 1182 2442 ratio
1207 2379 1371 2458 abusionis,
1396 2375 1446 2440 ‘ut

273 2490 440 2559 usurpetur
463 2500 570 2544 nomen
593 2499 653 2543 aon
677 2484 726 2542 rei
746 2483 859 2552 similis,
885 2483 940 2540 sed
961 2483 1092 2540 uicinae.
1144 2481 1225 2551 Ouid
1247 2481 1325 2538 euim
1347 2481 1444 2538 simite

275 2583 366 2642 nabet
388 2585 572 2656 sipaidcatio
593 2583 689 2657 parui
711 2571 741 2639 'et
762 2579 879 2657 minuti,
902 2594 970 2637 cum
990 2580 1087 2652 possit
1105 2592 1240 2652 paruum
1264 2593 1340 2649 esse,
1365 2578 1447 2648 quod

274 2697 334 2740 aon
358 2682 444 2739 modo
463 2682 542 2739 uidit
558 2682 704 2739 minutum
722 2681 769 2751 sit,
793 2678 849 2736 sed
870 2678 960 2736 etiam
980 2677 1099 2749 atipuid
1116 2675 1272 2734 creuerit?
1309 2674 1445 2733 Dicimus

273 2785 373 2838 tamea
404 2783 532 2853 propter
555 2779 708 2852 quandam
736 2777 925 2834 uicinitatem
952 2776 1098 2832 minutum
1127 2788 1186 2848 pro
1212 2788 1322 2846 paruo.
1372 2771 1445 2828 Cum

270 2878 392 2951 piscina
421 2878 536 2935 dicitur
559 2878 590 2934 ιιι
618 2877 746 2945 datraeis,
776 2875 806 2930 in
830 2888 890 2944 qua
915 2874 1046 2946 piscium
1069 2871 1147 2928 atati
1167 2872 1219 2942 sit,
1247 2870 1382 2941 uinaque
1404 2871 1443 2928 si·

273 2977 341 3035 mite
357 2976 492 3050 piscibus
506 2975 626 3046 iubeat,
645 2974 769 3031 uidetur
784 2976 882 3029 tamen
898 2969 1065 3043 apiscibus
1080 2970 1163 3026 dicta
1178 2971 1306 3041 propter
1320 2982 1440 3038 aquam,

273 3073 327 3131 udi
350 3073 485 3147 piscibus
508 3073 573 3130 uita
598 3063 662 3130 est.'
708 3068 804 3144 Atque
835 3065 907 3125 haec
936 3063 1038 3124 abusio
1066 3067 1129 3143 ipsa
1153 3063 1250 3121 denuo
1274 3063 1304 3120 in
1329 3069 1443 3140 septem

273 3169 417 3229 diuiditur
441 3175 553 3247 partes:
585 3162 616 3246 1)
637 3184 704 3242 per
728 3163 993 3239 efficientiam:
1012 3161 1121 3237 foedus
1145 3179 1164 3219 a
1185 3159 1333 3233 foeditate
1352 3163 1446 3234 porci

270 3286 329 3343 per
351 3284 438 3341 quem
459 3266 568 3340 foedus
592 3263 743 3338 eflicitur;
776 3254 812 3343 2)
842 3279 909 3336 per
932 3259 1089 3335 effecta:
1117 3263 1240 3337 puteas,
1271 3259 1353 3330 quod
1379 3260 1444 3316 eius

275 3366 414 3438 effectum
433 3366 550 3439 potatio
570 3369 630 3432 est;
653 3355 689 3443 3)
711 3380 779 3436 per
802 3362 929 3432 idque
953 3359 1179 3419 continetur:
1202 3355 1276 3413 urbs
1299 3355 1338 3412 ab
1362 3355 1443 3426 orie,

274 3464 356 3536 quod
378 3463 536 3535 auspicato
560 3463 625 3519 toco
649 3460 842 3519 circumduci
868 3461 976 3515 aratro
1003 3457 1093 3522 sotet;
1125 3446 1161 3532 4)
1193 3469 1259 3526 per
1287 3453 1325 3510 id
1350 3453 1446 3524 quod

273 3560 454 3620 continet:
492 3559 637 3616 horreum
667 3562 784 3614 mutata
813 3557 917 3613 tittera
947 3551 985 3610 ab
1016 3552 1147 3620 taorde0;
1196 3541 1232 3630 5)
1261 3566 1328 3623 per
1358 3549 1443 3607 aba·

273 3659 423 3716 sionem:
454 3671 523 3714 cum
550 3655 696 3713 hordeum
725 3655 853 3711 dicimus
881 3657 911 3710 et
934 3651 976 3710 idi
1003 3652 1138 3709 triticum
1165 3649 1327 3726 conditur;
1359 3637 1395 3726 6)
1423 3664 1443 3705 ιι

269 3761 381 3830 parte
400 3759 525 3813 totum:
548 3768 654 3811 mucro
671 3767 729 3826 pro
746 3751 868 3822 ptadio;
892 3743 928 3828 7)
952 3766 972 3806 a
991 3753 1064 3806 toto
1079 3763 1185 3822 pars:
1209 3747 1337 3819 capittus
1356 3745 1445 3816 quasi

274 3854 383 3926 capitis
409 3853 498 3925 pitus.
525 3881 561 3890 -
593 3847 726 3918 Quarta
755 3849 847 3906 ratio
878 3847 909 3905 tn.
936 3843 1210 3923 percontrarium:
1242 3836 1329 3900 ‘nam
1357 3843 1444 3899 tucus

274 3951 373 4008 dictas
393 3953 532 4026 putatur,
555 3949 637 4020 quod
654 3948 774 4005 minime
792 3937 910 4005 taceat’
934 3949 989 4002 etc.
1016 3972 1052 3982 -
1081 3937 1160 3998 Haec
1178 3938 1337 4015 Augustini
1359 3954 1443 3996 enar-

275 4049 349 4107 ratio
374 4047 431 4106 etsi
456 4040 632 4104 Steinthalio
655 4037 697 4122 (p.
717 4037 796 4123 326)
820 4043 914 4120 magis
936 4040 971 4099 ad
995 4036 1189 4113 dialecticam,
1213 4053 1301 4113 quam
1324 4033 1360 4094 ad
1384 4041 1444 4112 ety-

274 4143 431 4222 mologiam
455 4141 574 4202 uidetur
598 4147 742 4220 spectare,
766 4158 852 4218 quam
873 4137 993 4197 obrem
1017 4125 1247 4214 perdisceret
1270 4124 1443 4210 σύνθεσιν,

346 4369 370 4434 1)
391 4366 462 4422 Hisi.
481 4365 549 4435 ling.
569 4385 595 4435 p.
615 4373 666 4420 323
679 4383 739 4434 sqq.
799 4365 827 4431 2)
847 4363 886 4416 De
905 4360 984 4415 Vorr.
1004 4357 1083 4413 libris
1102 4373 1219 4426 gramm.
1239 4374 1265 4425 p.
1283 4361 1315 4410 16
1335 4357 1365 4410 ei
1385 4359 1442 4411 145.

278 4444 493 4502 Wilmannsium
512 4446 598 4500 otiam
617 4445 646 4500 in
664 4444 756 4499 uerbis
776 4440 925 4512 Augustini
944 4437 1135 4494 adscribendis
1154 4437 1265 4491 secutus
1283 4454 1352 4491 sum.
