3254 5032
648 360 943 438 .-'6-

352 539 434 608 Quae
459 541 597 618 quoniam
621 539 657 598 de
678 541 795 598 nomine
819 540 884 598 eius
907 545 996 616 atque
1020 547 1107 617 gente
1131 543 1333 622 exposuimus,
1354 559 1434 601 nunc

262 638 296 698 ad
318 639 428 697 uitam
451 644 637 697 transeamus
656 635 889 717 describendam,
913 654 971 714 qua
993 638 1024 696 in
1043 655 1076 696 re
1100 637 1136 697 ab
1154 637 1285 699 Heusdio
1304 639 1434 717 aliquan·

263 735 357 795 tulum
379 753 433 795 nos
452 735 610 795 dissentire
629 733 750 813 patebit.
768 767 805 776 —
822 733 853 794 L.
869 733 984 794 Aelium
1004 733 1148 794 Stilonem
1167 738 1325 814 equitem
1343 737 1435 797 luisse

264 833 428 892 Romanum
443 840 474 892 et
487 830 679 909 optimatibus
694 832 802 892 lauisse
818 831 925 891 docent
939 830 1031 891 uerba
1044 831 1177 893 Suetonii
1192 827 1226 916 (l.
1237 853 1312 895 c.=
1322 841 1388 894 test.
1399 829 1434 916 5)

263 938 293 990 et
303 929 455 989 Ciceronis
466 922 563 1010 (Brut.
575 925 639 990 205
650 955 692 976 =
704 936 770 989 test.
782 924 827 1010 6),
841 946 876 988 ex
888 927 996 1006 quibus
1009 927 1143 990 Suetonii
1152 930 1254 990 uerbis
1265 932 1352 991 etiam
1362 931 1434 991 illud

265 1036 387 1106 apparet
405 1045 473 1086 eum
490 1044 613 1087 uxorem
633 1025 771 1087 habuisse
792 1035 822 1086 et
835 1026 924 1085 filiam
939 1027 1087 1107 genuisse,
1102 1045 1177 1104 quac
1194 1027 1299 1088 Seruio
1314 1027 1436 1088 Claudio

264 1126 455 1204 grammatico
484 1126 599 1202 nupsit,
626 1125 676 1202 qui
700 1133 797 1183 tamen
822 1125 918 1183 soceri
942 1121 1051 1183 librum
1074 1124 1218 1185 ineditum
1242 1127 1436 1203 intercipiens

263 1222 373 1282 malum
403 1240 434 1281 66
463 1219 601 1300 praebuit
628 1238 780 1299 generum.
805 1252 847 1262 -
875 1220 1001 1281 Natum
1026 1220 1170 1282 Stilonem
1194 1241 1260 1284 esse
1285 1201 1450 1284 Lanuuii

266 1328 389 1399 apparet
419 1337 454 1377 ex
484 1317 684 1379 additamento
708 1319 909 1397 Lanuuinus,
934 1327 964 1378 et
988 1318 1091 1378 eodem
1115 1322 1146 1380 in
1170 1322 1330 1400 municipio
1353 1327 1438 1398 pater

266 1420 331 1477 eius
354 1435 461 1495 praeco
487 1416 606 1477 uidetur
631 1417 731 1476 luisse.

355 1514 396 1572 116
420 1522 541 1574 aetate
562 1515 626 1574 eius
645 1516 702 1572 iam
722 1513 789 1572 inde
809 1513 985 1592 aMaduigio
1006 1521 1036 1574 et
1055 1513 1186 1575 lleusdio
1206 1515 1340 1576 homines
1360 1516 1439 1575 docti

265 1612 425 1692 plurimum
454 1613 533 1671 inter
562 1629 593 1670 se
622 1611 835 1670 dissenserunt.
882 1609 920 1671 Et
941 1611 1143 1691 Maduigius
1167 1615 1287 1692 quidem
1311 1632 1438 1693 opuscu-

266 1711 362 1770 lorum
386 1710 621 1769 academicorum
644 1708 806 1767 uoluminis
829 1710 938 1785 prioris
956 1727 984 1786 p.
1003 1706 1065 1769 105
1084 1711 1237 1770 contendit
1256 1729 1325 1771 eom
1344 1719 1439 1771 aetate

267 1807 354 1887 paulo
378 1808 551 1867 interiorem
571 1809 663 1866 luisse
682 1805 771 1864 Accio
790 1813 910 1885 poetae3
931 1823 1019 1883 quam
1039 1816 1137 1867 tamen
1157 1811 1335 1869 sententiam
1354 1827 1440 1888 argu-

269 1907 377 1966 mentis
397 1905 512 1964 idoneis
531 1922 590 1963 uon
610 1905 772 1964 confirmat.
805 1903 912 1963 Accius
931 1914 1029 1965 autem
1049 1914 1136 1966 uatus
1156 1915 1200 1966 est
1219 1926 1243 1966 a.
1259 1926 1287 1966 u.
1303 1903 1377 1968 584.
1398 1939 1439 1948 -

267 2003 450 2063 Heusdius
468 2003 531 2080 ipse
552 2004 687 2080 sequitur
706 2001 869 2082 Naeuam,
888 2021 976 2080 quem
996 2005 1028 2062 in
1046 2002 1265 2064 Commentario
1283 2004 1320 2064 de
1341 2003 1440 2064 Coelio

267 2103 422 2180 Antipatro
453 2093 548 2182 (Ann.
576 2098 668 2177 Lugd.
700 2099 770 2160 aar:
794 2094 1007 2179 1820-21)
1040 2103 1092 2178 qui
1126 2100 1244 2160 libellus
1277 2101 1347 2160 mibi
1380 2120 1439 2161 non

267 2207 386 2279 praesto
406 2206 478 2277 erat,
497 2196 528 2256 L.
544 2196 658 2256 Aelium
678 2215 702 2256 a.
718 2214 745 2256 u.
762 2194 827 2257 620
846 2190 1095 2278 (60666134)
1115 2206 1217 2258 natum
1236 2207 1340 2276 putare
1360 2197 1441 2259 dicit.

272 2295 402 2356 Heusdio
428 2289 471 2376 (p.
486 2287 544 2376 35)
568 2301 643 2354 teste
667 2293 760 2356 Nauta
785 2297 828 2354 sic
852 2294 914 2353 lere
933 2293 1076 2374 disputat:
1100 2295 1132 2356 L.
1146 2295 1246 2355 Aelius
1268 2293 1350 2375 Stilo,
1374 2312 1441 2354 cum

269 2395 370 2454 Cottae
394 2395 559 2453 orationem
577 2391 655 2451 illam
676 2391 830 2472 scriberet,
855 2410 930 2470 quae
955 2410 1009 2470 pro
1029 2411 1060 2452 se
1080 2391 1144 2470 lege
1164 2388 1255 2452 Varia¹
1267 2391 1441 2452 inscribitur

271 2488 309 2571 (a.
333 2511 360 2551 u.
386 2483 483 2573 664),
517 2507 644 2568 cumque
678 2488 748 2549 alias
777 2485 901 2567 ‘quibus
933 2491 1053 2568 scriptis
1081 2489 1184 2549 Cicero
1214 2491 1276 2568 ipsc
1305 2489 1442 2548 interfuit

269 2585 366 2670 (Brut.
382 2582 461 2670 207)
486 2582 673 2648 adolesceus’
699 2583 773 2668 (1.6.
791 2584 833 2647 21
859 2586 952 2646 lerme
975 2603 1067 2646 annos
1092 2595 1177 2647 natus
1203 2585 1242 2664 [a.
1259 2604 1286 2645 u.
1305 2581 1375 2648 668,
1393 2584 1442 2645 661

270 2682 368 2765 6691)
399 2693 590 2764 componeret
618 2687 780 2764 orationes,
812 2685 1025 2762 quinquaginta
1053 2684 1138 2742 annis
1167 2684 1260 2742 maior
1288 2700 1354 2742 csse
1383 2701 1441 2742 non

270 2778 408 2865 potuit¹)‚
433 2801 519 2862 quam
543 2782 582 2843 ob
606 2801 670 2843 rem
690 2800 749 2843 non
769 2791 836 2842 aute
856 2801 881 2843 a.
896 2801 925 2841 u.
940 2777 1005 2842 620
1024 2788 1112 2842 natus
1131 2790 1185 2841 est.
1221 2779 1324 2859 Neque
1344 2789 1442 2842 tamen

270 2881 363 2943 multo
389 2890 457 2960 post
481 2888 567 2942 natus
590 2881 712 2941 uidetur
734 2887 858 2959 propter
880 2877 987 2939 Lucilii
1010 2878 1183 2959 amicitiam,
1212 2880 1263 2956 qui
1286 2880 1392 2939 satiras
1416 2881 1443 2938 ei

272 2981 425 3058 inscripsit
449 2981 558 3058 quique
583 2975 745 3039 6666600
767 2985 928 3037 natusest.
966 2976 1025 3036 lam
1046 2993 1142 3053 neque
1162 2975 1211 3035 ille
1231 2977 1443 3054 quinquaginta

273 3081 358 3138 annis
382 3079 475 3138 maior
498 3079 603 3137 satiras
627 3077 747 3155 scripsit
770 3093 868 3153 neque
888 3073 994 3134 Stiloni
1012 3075 1133 3152 triginta
1153 3075 1238 3133 annis
1257 3074 1366 3133 iuniori
1385 3071 1443 3132 tale

273 3194 382 3236 munus
405 3173 497 3234 tribui
521 3176 631 3253 potuit,
656 3191 782 3251 quorum
807 3171 982 3233 alterutrum
1006 3173 1116 3232 iactum
1136 3173 1174 3231 sit
1194 3189 1316 3231 necesse
1336 3179 1395 3251 est,
1419 3171 1444 3229 si

273 3275 413 3333 maiorem
438 3273 516 3331 inter
535 3270 600 3330 illos
619 3271 754 3330 homiues
774 3287 862 3348 quam
881 3272 987 3348 uiginti
1007 3285 1152 3329 annorum
1171 3266 1368 3327 dillereutiam
1386 3275 1443 3327 sta-

273 3372 392 3430 tuimus.
414 3401 454 3411 -
474 3367 553 3428 llaec
569 3366 680 3429 Nautae
701 3369 848 3428 sententia
855 3360 881 3449 2)
902 3368 975 3428 duas
990 3364 1026 3426 ob
1041 3381 1146 3424 causas
1161 3363 1280 3424 uidetur
1294 3364 1444 3423 reicienda

273 3485 347 3528 esse.
398 3465 531 3526 Primum
560 3468 638 3527 euim
667 3484 727 3526 non
753 3483 909 3544 assequor,
937 3480 1025 3541 quam
1049 3459 1086 3521 ob
1111 3478 1173 3520 rem
1202 3460 1276 3520 Stilo
1301 3462 1443 3539 quinqua·

274 3568 354 3644 ginta
383 3565 467 3624 aunis
496 3564 588 3623 maior
616 3566 765 3623 orationes
793 3561 925 3622 scribere
948 3578 1008 3619 non
1036 3559 1181 3638 potuerit,
1210 3557 1316 3617 deinde
1343 3591 1386 3599 -
1415 3558 1443 3617 id

275 3664 354 3743 quod
378 3664 499 3742 grauius
523 3669 569 3722 cst
587 3695 631 3704 -—
650 3661 739 3721 alium
763 3678 842 3721 nunc
865 3657 978 3720 Lucibo
1001 3674 1111 3717 annum
1131 3654 1257 3716 natalem
1277 3653 1445 3716 tribuimus.

275 3761 454 3839 [loquare
482 3768 585 3838 postea
612 3757 789 3818 uidebimus,
816 3789 861 3799 -
890 3754 1118 3816 Ritschelius
1147 3747 1289 3834 (Parerga
1313 3771 1340 3830 p.
1364 3747 1445 3833 239)

276 3858 420 3918 Stilonem
444 3866 529 3936 putat
551 3859 673 3916 ineunte
696 3855 814 3916 saeculo
837 3853 922 3915 urbis
942 3855 1067 3932 septimo
1086 3858 1187 3910 natum
1208 3867 1283 3930 esse,
1306 3850 1446 3929 Maduigii

276 3957 367 4034 igitur
387 3954 584 4034 adstipulatur
604 3955 776 4034 sententiae,
795 3952 884 4034 nulla,
903 3961 1045 4030 quantum
1065 3947 1203 4026 equidem
1223 3948 1319 4028 uideo,
1338 3948 1392 4008 alia
1412 3967 1445 4008 re

277 4057 360 4113 nisus
382 4086 427 4096 —
450 4052 595 4112 Lucilium
625 4053 703 4111 enim
732 4059 762 4111 et
789 4053 853 4130 ipsc
881 4067 957 4110 anno
982 4044 1048 4108 600
1075 4054 1178 4104 natum
1206 4063 1272 4105 esse
1295 4053 1380 4125 putat
1401 4079 1445 4088 -

277 4153 335 4211 6161
358 4150 437 4230 quod
467 4159 497 4211 et
524 4148 601 4228 apud
631 4147 758 4209 Gellium
786 4144 833 4229 (N.
852 4147 885 4208 A.
905 4145 944 4206 lll
968 4141 1004 4225 3,
1030 4142 1045 4205 1
1068 4169 1109 4192 =
1134 4151 1202 4204 test.
1225 4135 1282 4225 16)
1311 4151 1341 4204 et
1368 4144 1445 4223 apud

350 4373 378 4442 1)
393 4372 441 4426 ‘In
454 4372 506 4428 hos
520 4387 584 4426 eum
598 4372 708 4426 labores
722 4368 880 4425 incubuisse
894 4387 949 4424 nou
959 4367 1094 4424 credibile
1105 4368 1192 4422 66160
1202 4367 1282 4422 annis
1292 4365 1445 4421 maiorem?

278 4457 305 4520 2)
322 4451 412 4517 Quom
430 4455 542 4522 praeter
550 4449 704 4505 Heusdium
725 4452 836 4504 secutus
850 4452 892 4503 est
907 4449 998 4503 Hertz.
1016 4447 1051 4502 de
1065 4446 1158 4503 Luciis
1173 4445 1276 4502 Cinciia
1290 4464 1317 4516 p.
1333 4451 1367 4500 ‘14
1382 4445 1446 4500 adn.
