3254 5032
706 347 926 412 „29-

316 511 365 574 11.
390 513 492 573 Salias
510 513 668 586 uirpiues.
688 557 694 568 .
714 509 836 570 ..terius
850 510 925 571 Stilo
943 507 1068 586 scripsit
1085 513 1274 582 sacrificium
1291 511 1401 587 facere.

224 615 258 672 iu
276 615 364 687 reolo
383 627 453 671 cum
466 611 612 687 pontifice
626 609 794 685 paludatas
812 625 881 668 cum
900 609 1039 684 apicibus
1057 611 1087 669 iu
1102 611 1220 669 modum
1235 610 1397 670 Saliorum·

315 705 364 770 12.
389 709 577 768 Subuculum
600 706 703 766 Actius
735 705 810 766 Stilo
841 717 872 767 ct
902 707 1035 767 Cloatius
1062 707 1168 766 iisdem
1197 707 1267 783 fcrc
1298 710 1402 769 uerbis

227 808 436 867 demonstrant
459 807 570 865 uocari
591 804 674 877 quod
695 803 754 862 diis
777 803 867 864 detur
891 822 931 864 cu
954 807 1036 864 alica
1060 810 1090 863 et
1112 806 1176 864 oleo
1201 811 1231 864 et
1253 809 1347 865 mette.

799 972 830 1029 Β.

580 1085 628 1146 Ex
651 1085 759 1146 libris
784 1085 1045 1165 etymologici&

318 1227 367 1290 13.
395 1230 516 1291 Caelum
535 1232 649 1290 dictum
666 1229 774 1290 scribit
793 1232 905 1310 Actius,
923 1231 1006 1302 quod
1023 1235 1068 1289 est
1085 1233 1237 1290 caelatum
1257 1236 1312 1290 aut
1330 1247 1401 1290 cou-

231 1330 331 1387 trario
354 1331 474 1388 uomiue
496 1331 626 1387 celatum
649 1329 732 1401 quod
753 1333 893 1401 apertum
917 1331 968 1384 est.

318 1421 368 1485 14.
392 1426 537 1485 Daliuum
608 1470 615 1483 .
635 1427 681 1484 uit
702 1442 766 1484 esse
785 1470 792 1482 .
812 1468 819 1481 .
839 1469 845 1482 .
865 1423 968 1483 Aelius
990 1426 1121 1483 stultum.

318 1517 367 1583 15.
391 1522 495 1583 Actius
515 1523 607 1581 Dium
630 1515 783 1600 Fidium¹)
807 1521 928 1581 dicebat
954 1521 1061 1580 Diouis
1090 1522 1201 1593 filium,
1229 1527 1263 1578 ut
1289 1520 1404 1580 Graeci

228 1612 421 1700 Διόσκορον
446 1622 607 1694 Castorem,
631 1625 661 1678 et
679 1611 842 1699 putabot²)
861 1621 943 1679 bunc
962 1636 1027 1678 csse
1045 1610 1211 1700 Saucum³)
1231 1617 1270 1676 ab
1285 1618 1402 1677 Subiua

226 1720 335 1792 linqua
357 1724 387 1777 ct
410 1718 572 1776 Herculem
595 1733 615 1774 a
641 1716 771 1775 Graeca.

322 1810 371 1873 16.
396 1816 543 1874 Ferocior
571 1819 716 1887 tauquam
740 1815 829 1888 peior
856 1814 962 1872 melior
984 1814 1030 1871 ait
1053 1812 1128 1871 Stilo
1152 1814 1183 1871 iu
1207 1814 1251 1871 eis
1274 1830 1402 1872 accusa-

232 1914 295 1971 tiuo
315 1928 404 1987 posse
424 1910 578 1989 proferri,
600 1911 788 1984 ferociorcis.

317 2011 504 2069 Ferieutium
528 2006 687 2082 scrieuteis
710 2008 788 2066 idcm
807 2006 882 2065 Stilo
901 2012 993 2081 putat
1011 2004 1121 2080 facere
1144 2007 1267 2080 debere,
1291 2014 1325 2066 ut
1348 2010 1399 2067 do-

227 2110 350 2186 centus,
372 2108 540 2175 soltautcis,
563 2107 705 2178 quonium
728 2121 930 2178 quaecuuque
956 2120 1059 2163 secum
1082 2104 1172 2163 uerbi
1194 2106 1265 2165 iura
1289 2108 1402 2165 tracis-

228 2213 303 2280 scat,
327 2224 364 2266 ca
383 2206 571 2265 accusatiuis
589 2203 772 2278 pluralibus,
796 2203 966 2261 adiuuante
989 2201 1151 2260 dumtaxat
1171 2204 1315 2275 peuctiuo
1336 2205 1371 2278 pl
1392 2234 1402 2242 -

228 2306 302 2378 rati,
326 2306 357 2364 iu
381 2305 424 2363 eis
447 2293 632 2379 souareutf)

321 2396 371 2459 11.
397 2399 608 2472 Intempestam
622 2397 725 2455 Aelius
745 2396 866 2455 dicebat
884 2411 952 2455 cum
967 2400 1082 2470 tempus
1096 2397 1210 2469 apeudi
1223 2401 1267 2456 cst
1280 2400 1403 2458 uultum.

320 2492 369 2556 18.
394 2495 427 2554 L.
441 2495 544 2554 Actius
558 2494 690 2568 putabat
708 2493 747 2552 ab
762 2510 797 2552 co
812 2493 926 2552 dictum
940 2495 1079 2568 leporem,
1095 2494 1177 2566 quod
1190 2495 1304 2569 lacipes
1318 2502 1403 2554 essct.

303 2681 346 2729 11.
365 2674 399 2728 H.
418 2692 445 2744 p.
461 2679 502 2728 tu.
539 2670 570 2726 Ε.
590 2689 616 2740 p.
632 2679 657 2726 6.
693 2670 767 2725 Fest.
787 2690 814 2741 p.
830 2677 882 2725 329
901 2670 952 2725 M.:
976 2669 1070 2725 Salias
1087 2672 1211 2740 alapiucs
1230 2671 1342 2728 Cincius
1362 2673 1404 2727 alt

230 2769 285 2809 essa
299 2754 494 2818 comducticias,
507 2767 577 2821 quac
591 2749 629 2805 ad
638 2749 729 2806 Salios
742 2751 935 2818 adhibeantur,
949 2767 1009 2805 cum
1023 2752 1149 2820 apicibus
1158 2752 1321 2820 paludatas,
1335 2768 1404 2821 quas

232 2833 329 2887 Aelius
347 2831 418 2886 Stilo
429 2863 460 2870 —
472 2829 620 2885 Saliorum.

302 2918 343 2965 12.
363 2911 398 2965 H.
416 2928 444 2980 p.
459 2915 499 2964 tu.
537 2910 568 2965 Ε.
587 2926 614 2978 p.
630 2914 672 2966 10.
709 2909 782 2965 Haut.
802 2927 828 2978 p.
844 2915 896 2964 309
915 2909 966 2964 M.:
986 2910 1154 2965 Subuculam
1172 2909 1269 2966 Aelius
1283 2911 1354 2966 Stilo
1370 2941 1401 2952 -

229 2992 312 3046 malle.
350 2993 425 3045 Nam
443 2991 476 3044 dc
492 2991 603 3044 tuuicac
620 3005 716 3060 pauore
733 2995 827 3044 actum
845 2995 883 3044 cst
901 2991 1032 3046 omuibus.

302 3075 345 3124 13.
364 3069 398 3125 H.
416 3087 444 3139 p.
459 3074 502 3123 64.
532 3069 564 3122 Ε.
583 3087 610 3138 p.
626 3074 668 3123 10.
700 3067 789 3124 Varro
809 3069 843 3122 de
863 3069 880 3123 l.
901 3069 931 3124 L.
951 3067 1039 3124 V18:
1060 3068 1170 3124 Caelum
1184 3101 1215 3109 —
1230 3075 1277 3137 cst,
1295 3072 1407 3141 malc⁵),

229 3151 302 3219 quod
319 3151 474 3220 posteriora
496 3149 580 3203 multo
601 3149 694 3216 potius
717 3165 735 3201 a
753 3151 826 3204 caclo
843 3166 926 3219 quum
944 3149 1047 3204 caelum
1066 3167 1084 3203 a
1102 3150 1235 3205 caelando
1265 3151 1328 3221 [aut
1346 3168 1403 3206 cae-

231 3229 316 3284 laudo
335 3229 398 3283 add.
414 3227 443 3282 L.
460 3228 529 3298 Sp.].
562 3227 615 3284 Sed
632 3244 689 3282 mou
706 3228 798 3283 miuus
814 3229 887 3283 illud
904 3229 1019 3282 alterum
1038 3228 1070 3283 dc
1088 3229 1201 3284 celaudo
1219 3231 1254 3284 ab
1272 3246 1302 3284 co
1312 3231 1405 3301 potuit

231 3309 303 3376 dici,
322 3309 394 3379 quod
411 3309 534 3362 interdiu
552 3308 669 3375 celatur,
686 3325 768 3377 quam
786 3308 858 3376 quod
875 3312 959 3361 uoctu
976 3323 1033 3362 uam
1052 3308 1164 3362 celatur.

303 3395 345 3442 14.
363 3388 396 3442 H.
416 3407 443 3457 p.
459 3393 501 3442 ¹15.
534 3387 565 3440 H.
585 3406 611 3457 p.
627 3392 651 3442 8.
687 3386 790 3442 Paulus
809 3405 836 3456 p.
852 3391 886 3440 68
900 3387 951 3440 M.
977 3387 1114 3441 Dalimua
1138 3389 1269 3457 supinum
1287 3390 1328 3442 ait
1351 3405 1405 3444 csse

232 3469 379 3535 Amulius,
397 3467 495 3522 Aelius
513 3468 633 3522 stultmu.
673 3467 802 3522 Oscorum
820 3482 924 3536 quoquc
941 3467 1040 3537 liupua
1057 3467 1196 3537 sipuificat
1213 3469 1351 3525 lasanum.

304 3552 344 3602 15.
363 3548 398 3602 Η.
416 3552 501 3616 pub.
530 3546 560 3601 Ε.
579 3566 607 3618 p.
624 3552 665 3602 10.
702 3547 792 3602 Varro
811 3546 845 3599 do
864 3547 883 3600 l.
902 3544 973 3600 L.V
992 3553 1038 3600 66:
1057 3547 1155 3602 Actius
1174 3579 1206 3587 -
1227 3547 1342 3604 Graeca.

304 3634 345 3682 16.
364 3625 398 3681 H.
408 3643 435 3696 p.
447 3632 489 3680 65.
509 3625 539 3679 11.
548 3645 575 3695 p.
587 3632 629 3680 11.
642 3625 746 3682 Charis.
757 3627 824 3681 Insb.
834 3644 875 3695 gr.
886 3645 914 3696 p.
926 3627 1022 3680 129130
1030 3625 1077 3681 K:
1089 3626 1221 3682 Ferocior
1229 3658 1258 3667 -
1267 3634 1404 3683 souarcut.

304 3714 345 3762 17.
363 3707 397 3761 H.
418 3725 444 3775 p.
460 3711 502 3760 65.
532 3705 562 3757 Ε.
581 3723 608 3774 p.
626 3710 666 3758 11.
707 3706 792 3760 Varro
812 3705 846 3760 do
864 3704 882 3760 l.
904 3703 933 3761 L.
949 3704 1032 3760 Vltz
1056 3707 1096 3760 Iu
1113 3708 1205 3760 Bruto
1224 3707 1315 3761 Cassii
1332 3707 1405 3777 quod

230 3787 299 3842 dicii
317 3788 462 3842 Lucretia:
480 3790 557 3840 racto
574 3785 734 3854 lutampcsta
752 3787 789 3839 ad
802 3792 923 3840 uostram
936 3786 1047 3840 dcuculi
1060 3785 1176 3840 dmuum.
1211 3787 1405 3858 Iutcmpcslam

230 3867 328 3922 Aelius
345 3867 451 3923 dicabat
467 3897 498 3905 —
513 3866 635 3928 uultum,
658 3865 731 3933 quod
749 3866 801 3919 alii
819 3865 979 3920 coucublmu
997 3867 1181 3934 appellaruut.

303 3953 344 4001 18.
363 3947 397 4001 H.
412 3964 439 4015 p.
450 3953 492 4001 66.
516 3945 547 4000 E.
566 3951 621 4015 p.8
636 3944 700 3998 adn.
717 3951 740 3998 1.
778 3943 867 3998 Varro
877 3943 912 3998 de
926 3960 947 3997 r.
958 3961 979 4000 r.
995 3944 1034 3997 111
1050 3951 1129 4012 126:
1144 3947 1178 4000 L.
1189 3947 1404 4001 Aelius-asset.

230 4027 294 4099 Epo
312 4027 433 4082 arbitror
450 4043 469 4080 a
484 4025 588 4081 Gracco
605 4025 738 4080 uocabulo
757 4024 880 4092 autiqua,
893 4024 966 4091 quod
980 4041 1040 4080 cum
1054 4027 1149 4081 Acolcs
1163 4025 1272 4080 Boeotii
1290 4024 1404 4094 λέποριν

231 4107 416 4176 appellabant.
454 4103 495 4160 cf.
515 4104 612 4161 Gelli
632 4109 675 4174 18,
695 4109 774 4159 1-2.

306 4258 332 4326 1)
346 4257 433 4325 fidum
446 4255 520 4312 Flor.
537 4257 565 4312 eb
579 4256 641 4310 Bas.
689 4258 716 4325 2)
720 4259 840 4327 putabat
854 4255 972 4310 Paccius
987 4257 1127 4325 putabaut
1139 4253 1213 4310 libri.
1251 4259 1277 4325 3)
1286 4255 1406 4312 Saucum

233 4337 307 4392 Scal.
330 4343 456 4393 sanctorm
469 4335 544 4391 libri.
600 4339 628 4405 4)
644 4338 796 4392 adimtautc
811 4369 841 4376 —
858 4342 987 4392 souareui
997 4337 1029 4391 K.
1051 4337 1204 4391 adiuuamtc
1217 4355 1246 4392 re
1260 4339 1405 4393 dmutaaat

231 4423 299 4488 puri
311 4417 648 4487 plulueissamarccod.
722 4416 977 4486 5)uoumalecod.
1006 4433 1063 4472 uou
1077 4415 1141 4472 incl.
1156 4418 1189 4470 A.
1205 4418 1251 4486 Sp.
