3254 5032
766 359 987 422 „20-

290 514 374 598 (phil.
398 519 467 598 ling.
486 517 526 579 lll
544 538 571 596 p.
594 514 680 600 147),
703 519 838 598 Eggerus
861 512 965 602 (serm.
989 520 1037 582 lat.
1062 523 1175 602 rellp.
1195 516 1244 606 6),
1276 523 1462 584 Graelenban

292 609 375 698 (bist.
390 616 489 696 philol.
504 614 531 675 ll
550 635 577 694 p.
592 609 682 698 252),
706 616 822 676 Schoell
842 610 910 699 (Xll
929 617 1006 679 tabb.
1025 638 1053 697 p.
1068 614 1135 700 26),
1158 620 1247 680 Sanio
1266 616 1463 703 (Varroniana

290 730 318 791 p.
342 708 413 795 93),
446 713 627 774 abiudicauit
655 712 787 791 Voigtius
816 709 884 794 (llll
908 715 985 776 tabb.
1010 735 1036 794 p.
1061 713 1127 798 66).
1178 715 1216 778 Et
1245 722 1297 797 qui
1325 723 1352 779 el
1381 719 1462 780 bunc

287 809 399 870 librum
418 810 636 871 accensendum
651 810 808 889 duxerunt,
825 811 977 872 Ciceronis
991 811 1055 873 loco
1070 815 1106 874 de
1121 814 1176 894 leg.
1191 814 1217 875 ll
1232 812 1275 876 23
1294 810 1393 899 (lrgm.
1406 810 1462 899 19)

290 910 348 968 nisi
372 917 451 990 sunt,
475 908 526 969 ubi
549 908 585 968 ad
609 902 751 986 testum,
776 906 955 969 uocabulum
978 908 1032 969 XII
1055 910 1231 988 tabularum,
1254 909 1461 991 explicandum

289 1005 393 1066 Cicero
422 1005 454 1068 L.
478 1006 593 1066 Aelium
621 1013 689 1084 post
717 1016 836 1067 ueteres
863 1006 969 1067 barum
998 1007 1096 1087 legum
1123 1011 1303 1089 interpretes
1332 1027 1461 1069 comme-

290 1110 395 1162 morat.
441 1101 536 1172 Quem
560 1113 658 1163 tamen
681 1102 779 1162 locum
804 1105 855 1182 qui
878 1107 1046 1165 accuratius
1070 1105 1288 1185 contemplatus
1312 1107 1384 1187 erit,
1408 1106 1462 1165 mi·

289 1201 369 1259 nime
392 1199 422 1260 id
447 1218 481 1259 eo
506 1201 585 1260 ellici
611 1199 733 1274 uidebit,
757 1199 836 1278 quod
860 1198 903 1260 illi
926 1201 1096 1282 uoluerunt,
1120 1202 1172 1262 sed
1195 1220 1320 1281 prorsus
1344 1211 1461 1263 contra·

288 1299 376 1358 rium.
421 1296 495 1357 Nam
528 1306 648 1358 ueteres
680 1299 860 1375 interpretes
895 1316 971 1376 quos
999 1298 1103 1360 Cicero
1131 1301 1263 1360 nominat
1294 1307 1364 1361 sunt
1392 1299 1459 1361 Sex.

288 1395 389 1454 Aelius
408 1403 438 1455 et
452 1394 483 1456 L.
499 1395 624 1456 Acilius:
643 1393 749 1455 deinde
768 1394 799 1454 L.
817 1393 916 1455 Aelius
935 1414 995 1455 non
1014 1404 1048 1456 ut
1066 1399 1224 1478 interpres,
1247 1396 1299 1457 sed
1318 1404 1352 1456 nt
1370 1397 1460 1456 bomo

289 1490 418 1572 quidam,
442 1494 493 1569 qui
512 1494 623 1570 etipse
644 1491 793 1552 nonnullis
811 1491 927 1552 illarum
947 1492 1045 1571 legum
1065 1493 1218 1554 uocabulis
1237 1512 1357 1572 operam
1377 1493 1460 1554 dedit

288 1588 482 1670 explicandis,
511 1590 546 1650 ad
569 1599 669 1668 partes
693 1597 826 1650 uocatur.
872 1585 975 1668 ltaque
999 1609 1035 1650 ex
1057 1589 1114 1652 boc
1139 1591 1204 1650 loco
1227 1590 1342 1651 Aelium
1371 1590 1460 1650 talem

289 1682 399 1745 librum
428 1689 630 1764 composuisse
660 1685 732 1745 mibi
760 1686 878 1764 quidem
902 1703 962 1745 non
985 1687 1105 1747 uidetur
1134 1690 1283 1767 consequi.
1330 1687 1461 1769 Accedit,

289 1781 367 1862 quod
391 1782 468 1862 apud
492 1783 626 1863 Festum,
655 1781 706 1843 ubi
734 1781 786 1841 Xll
809 1781 925 1842 tabulae
950 1785 1107 1862 quinquies
1136 1794 1166 1846 et
1194 1787 1286 1846 uicies
1314 1787 1345 1844 in
1370 1802 1457 1863 quae·

288 1883 415 1940 stionem
439 1887 598 1960 uocantur,
626 1897 685 1940 uno
711 1889 824 1941 tantum
848 1879 912 1940 loco
936 1882 1118 1942 coniunctim
1147 1900 1215 1942 cum
1238 1883 1276 1940 iis
1299 1880 1373 1940 Stilo
1397 1880 1458 1940 lau·

288 1978 383 2058 datur,
401 1996 468 2038 cum
483 1980 514 2037 in
532 1980 697 2038 carminum
713 1977 878 2059 Saliarium,
893 1994 967 2056 quae
983 1979 1079 2037 sexies
1094 1979 1265 2038 nominatim
1284 1977 1459 2055 afferuntur,

287 2075 389 2134 uerbis
418 2075 599 2154 explicandis
630 2084 736 2154 quater
760 2073 882 2133 Stilonis
910 2091 1019 2133 nomen
1042 2074 1225 2153 adscriptum
1249 2076 1296 2134 sit.
1342 2071 1457 2150 Volgtio

288 2174 379 2250 igitur
402 2174 568 2232 assentiens
587 2189 662 2249 nego
683 2171 739 2231 tale
763 2189 838 2249 opus
862 2169 897 2230 ab
920 2169 1003 2230 Aelio
1027 2173 1228 2249 conscriptum
1248 2188 1329 2250 esse,
1351 2177 1382 2228 ct
1400 2169 1457 2229 boc

290 2287 408 2348 quoque
432 2271 531 2329 uirum
554 2268 636 2328 illum
657 2268 777 2328 doctum
801 2274 882 2326 recte
905 2275 977 2347 puto
1002 2267 1124 2328 dixisse:
1148 2270 1174 2326 si
1192 2284 1298 2327 reuera
1318 2266 1374 2326 tale
1394 2269 1458 2326 eius

288 2385 362 2446 opus
392 2369 567 2447 exstitisset,
600 2368 735 2427 laturum
764 2355 870 2446 luisse,
902 2373 936 2425 ut
966 2366 1120 2443 inscriptio
1148 2367 1214 2424 eius
1241 2363 1351 2424 alicubi
1381 2381 1458 2423 com·

288 2473 513 2525 memoraretur.
559 2462 644 2533 Orrod
668 2464 813 2542 imprimis
836 2465 866 2522 in
889 2462 988 2521 locum
1011 2461 1094 2521 illum
1118 2462 1241 2540 quadrat
1260 2458 1402 2520 Varronis
1420 2460 1456 2519 de

286 2563 356 2640 ling.
380 2561 442 2622 Lat.
465 2560 517 2620 Vll
536 2558 570 2641 2,
594 2559 645 2620 ubi
673 2561 802 2638 scriptor
827 2558 877 2620 ille
901 2558 975 2618 Aelii
999 2561 1163 2620 carminum
1188 2557 1343 2618 Saliarium
1367 2560 1457 2618 inter·

287 2660 484 2739 pretationem
507 2657 620 2737 laudat,
648 2656 685 2715 dc
709 2655 762 2715 Xll
786 2655 953 2716 tabularum
977 2674 1050 2715 uero
1072 2651 1327 2735 interpretatione
1345 2642 1457 2715 nullum

287 2757 358 2816 lacit
379 2755 515 2816 uerbum.
554 2755 655 2833 ltaque
680 2753 759 2813 bunc
777 2753 886 2814 librum
905 2755 1072 2815 mittamus:
1096 2754 1174 2815 unde
1198 2770 1271 2813 uero
1293 2753 1456 2830 fragmenta

289 2853 417 2934 Aeliana,
441 2871 515 2932 quae
535 2853 570 2912 ad
595 2850 709 2911 tabulas
732 2849 796 2912 illas
815 2859 958 2932 spectant,
982 2859 1099 2930 sumpta
1118 2853 1187 2932 sint,
1209 2859 1311 2929 postea
1335 2848 1455 2928 patebit.

377 2949 518 3009 Venimus
547 2948 582 3009 ad
611 2947 702 3007 libros
734 2950 1003 3030 antiquitatum,
1033 2947 1134 3027 quales
1157 2945 1272 3007 Aelium
1300 2946 1457 3022 scripsisse

288 3068 323 3109 ex
347 3048 533 3126 fragmentis,
562 3062 689 3124 quorum
712 3054 904 3123 conspectum
928 3064 956 3124 p.
977 3042 1019 3105 16
1034 3063 1077 3124 sq.
1101 3045 1250 3126 dedimus,
1278 3043 1344 3101 ueri
1367 3040 1457 3101 simil·

287 3146 390 3205 limum
415 3144 535 3205 uidetur
554 3144 626 3219 beri.
660 3143 765 3205 Obstat
782 3151 881 3203 tamen
906 3160 970 3202 mea
994 3142 1114 3222 quidem
1132 3142 1279 3201 sententia
1302 3137 1350 3198 bic
1373 3137 1457 3197 locus

287 3245 351 3320 ipse
377 3238 557 3320 (thdcad.
578 3236 654 3322 12),
683 3259 741 3319 quo
767 3242 823 3300 nisi
846 3239 1001 3319 ErnestuS,
1020 3237 1157 3317 Orellius,
1177 3237 1381 3315 Suringarius,
1409 3234 1458 3294 alii

289 3339 405 3399 Aelium
424 3339 497 3398 tales
516 3337 607 3397 libros
631 3340 833 3417 composuisse
855 3337 1080 3416 contenderunt,
1103 3335 1155 3396 ubi
1174 3335 1277 3395 Cicero
1296 3331 1457 3393 Varronem

288 3437 435 3496 dicentem
450 3437 533 3497 lacit:
557 3431 659 3509 ‘Once
677 3443 778 3496 autem
796 3453 882 3496 nemo
905 3437 1008 3494 adbuc
1027 3437 1184 3508 docuerat,
1208 3450 1264 3494 aec
1285 3438 1355 3493 erat
1376 3433 1458 3491 unde

288 3536 416 3594 studiosi
428 3536 510 3594 scire
525 3527 688 3612 possead),
708 3532 872 3609 ec...sect'
887 3538 922 3591 art
939 3539 1038 3591 essent
1054 3538 1127 3593 nota
1145 3534 1270 3592 nostris:
1290 3548 1309 3590 c
1330 3530 1458 3590 Graecis

288 3635 367 3692 enim
390 3634 456 3708 peti
481 3647 541 3690 noc
564 3635 709 3706 poterant
731 3647 770 3689 ac
788 3636 859 3706 post
881 3628 914 3688 L.
938 3623 1051 3709 Aeto)
1078 3632 1176 3689 nostrl
1201 3644 1343 3688 occasum
1371 3645 1410 3687 ne
1437 3645 1457 3686 u

288 3730 407 3790 Latinis
430 3720 575 3802 quidem?
614 3727 830 3804 Antiquitatum
854 3727 944 3803 igitur
968 3728 1071 3786 notitia
1095 3727 1120 3784 si
1143 3732 1210 3803 post
1233 3723 1308 3783 Aelii
1331 3732 1456 3783 mortem

290 3845 305 3886 a
330 3825 409 3886 nullo
429 3823 561 3885 Romano
575 3825 637 3902 peti
656 3825 762 3906 potuit,
777 3840 904 3901 quonam
919 3822 992 3882 Aelii
1006 3821 1074 3882 libri
1097 3817 1251 3882 abierant?
1283 3820 1347 3880 Non
1366 3822 1457 3899 igitur

289 3923 409 3983 uidetur
433 3921 505 3982 tales
528 3920 620 3982 libros
639 3921 795 3999 scripsisse
818 3927 869 3980 aut
893 3937 949 3978 una
974 3937 1041 3978 cum
1065 3936 1100 3978 eo
1123 3919 1311 3980 interierunt.
1360 3919 1457 3997 Atque

288 4022 375 4080 etiam
399 4018 548 4079 Heusdius
571 4017 607 4078 de
631 4021 675 4078 eis
699 4018 853 4078 dubitauit.

378 4118 489 4198 ltaque,
513 4126 546 4176 ut
567 4115 686 4176 tandem
710 4115 874 4194 uideamus,
896 4114 975 4173 nude
999 4114 1162 4193 fragmenta
1180 4113 1229 4173 illa
1248 4111 1353 4172 dubiae
1377 4113 1457 4176 sedis

288 4225 405 4295 sumpta
429 4218 502 4296 sint,
530 4216 564 4276 ad
588 4215 697 4275 librum
726 4213 807 4275 illum
837 4220 1022 4272 transeamus
1048 4211 1339 4292 etymologicum,
1367 4228 1456 4289 quem

361 4343 387 4411 1)
402 4339 610 4410 Antiquitatum
627 4342 721 4396 studia
738 4338 929 4408 intellegendo
947 4354 1008 4392 esse
1027 4337 1109 4391 exiis
1128 4339 1255 4408 apparet,
1274 4353 1346 4405 quae
1360 4336 1456 4394 Cicero

288 4421 446 4494 respondet.
520 4424 546 4487 2)
561 4421 594 4476 L.
605 4422 680 4475 Aelii
695 4417 849 4486 Manutius,
868 4419 944 4472 laelii
962 4417 1081 4472 codices.
