3254 5032
733 365 951 430 „35-

607 527 655 588 111.
679 527 852 588 Doctrina
876 537 911 588 et
934 530 1078 606 scripta.

348 641 377 703 9.
405 642 497 702 Varro
521 642 557 701 de
580 642 597 702 l.
618 642 680 702 Lat.
700 641 750 702 VII
769 640 803 704 2:
836 645 917 704 Aelii
937 645 1065 704 bominis
1088 647 1120 703 in
1139 648 1241 720 primo
1266 649 1297 704 in
1320 649 1429 706 litteris

260 745 363 802 latinis
391 745 555 802 exercitati
583 744 863 818 interpretationem
890 745 1060 802 carminum
1083 743 1236 803 Saliorum
1259 745 1377 804 uidebis
1401 751 1431 805 et

257 843 333 900 exili
354 843 456 900 littera
480 842 652 916 expeditam
676 847 705 900 et
724 843 896 916 praeterita
920 841 1051 900 obscura
1074 845 1176 901 multa.

348 934 397 997 10.
422 936 526 996 Cicero
540 935 622 996 Brut.
637 934 689 1015 46,
709 933 784 996 169:
812 937 868 996 Cui
881 941 1016 998 orationi
1032 939 1190 1014 Caepionis
1205 956 1259 999 ore
1273 942 1429 1015 respondit

258 1037 379 1105 Aelius;
400 1037 453 1108 qui
470 1037 657 1108 scriptitavit
675 1036 828 1094 orationes
844 1037 952 1108 multis,
976 1043 1082 1096 orator
1101 1039 1165 1112 ipse
1183 1053 1337 1110 nunquam
1358 1035 1429 1110 suit.

202 1138 204 1142 ’
256 1131 328 1191 ibid.
353 1128 409 1211 56,
429 1127 508 1191 205:
544 1133 648 1191 Cottae
671 1148 730 1207 pro
757 1150 789 1190 se
815 1135 881 1205 lepe
911 1132 1006 1192 Varia
1034 1151 1113 1208 puae
1141 1135 1333 1209 inscribitur,
1362 1151 1428 1193 eam

256 1229 289 1288 L.
313 1231 416 1289 Aelius
437 1232 562 1305 scripsit
588 1230 692 1289 Cottae
714 1235 833 1303 roputu.

346 1324 395 1385 11.
420 1317 523 1385 Cicero
542 1324 628 1401 Brut.
644 1322 696 1406 56,
711 1321 900 1387 205-207:
918 1330 1022 1388 Aelius
1032 1375 1039 1388 .
1050 1375 1056 1388 .
1067 1376 1072 1388 .
1082 1327 1161 1403 suit.
1172 1374 1179 1387 .
1189 1375 1195 1387 .
1206 1331 1428 1411 eruditissimus

256 1431 284 1482 et
306 1424 433 1483 Graecis
452 1426 560 1483 litteris
584 1431 613 1484 et
631 1425 762 1484 Latinis:
786 1427 1034 1499 antiquitatisque
1057 1432 1180 1486 nostrae
1199 1434 1229 1486 et
1246 1428 1277 1485 in
1297 1429 1428 1485 inuentis

255 1521 346 1580 rebus
369 1527 399 1579 et
414 1523 457 1599 „ln
481 1524 558 1580 actis
584 1524 828 1597 scriptorumque
855 1530 991 1582 ueterum
1018 1527 1150 1584 litterate
1174 1527 1306 1599 peritus:
1336 1541 1427 1597 quam

254 1621 413 1678 scientiam
435 1619 533 1678 Varro
553 1625 655 1679 noster
669 1607 826 1695 acceptam
843 1618 881 1678 ab
898 1621 948 1678 illo
963 1626 1145 1694 auctamque
1159 1638 1218 1695 per
1236 1638 1317 1680 sese.
1328 1663 1335 1676 .
1346 1623 1427 1695 .plu·

255 1716 341 1775 ribus
364 1723 393 1775 et
417 1718 632 1777 illustrioribus
654 1719 763 1776 litteris
787 1719 962 1791 euplicauit.
998 1717 1062 1776 Sed
1084 1720 1161 1776 idem
1180 1717 1282 1777 Aelius
1306 1718 1426 1777 Stoicus

257 1832 321 1874 esse
339 1818 443 1886 uoluit,
467 1821 574 1875 orator
593 1821 693 1875 autem
712 1832 768 1874 nec
786 1815 903 1872 studuit
920 1831 1062 1904 umquam
1081 1833 1137 1875 nec
1157 1814 1226 1890 fuit.
1263 1815 1425 1874 Scribebat
1478 1877 1482 1886 ,

255 1918 354 1971 tamen
378 1915 546 1986 orationes,
571 1930 647 1987 quas
670 1915 726 1972 alii
748 1914 898 1984 dicerent,
922 1918 956 1971 ut
983 1913 1015 1983 (l.
1035 1913 1155 1973 Metello
1174 1915 1217 1987 F,
1241 1919 1275 1972 ut
1298 1914 1330 1984 Q.
1354 1913 1426 1971 Cae·

251 2012 345 2084 pioni,
369 2018 403 2069 ut
429 2012 462 2082 Q.
486 2012 626 2087 Pompeio
650 2008 742 2090 Ruso,
765 2026 946 2084 quamquam
971 2013 995 2069 is
1019 2014 1109 2071 etiam
1133 2014 1195 2086 ipse
1217 2013 1342 2086 scripsit
1364 2028 1424 2084 eas,

254 2108 362 2180 quibus
378 2126 437 2183 pro
455 2126 488 2168 se
507 2115 551 2169 est
569 2126 649 2182 usus,
669 2110 725 2167 sed
741 2124 801 2166 non
819 2109 885 2166 sinc
899 2108 991 2166 Aelio.
1020 2109 1075 2168 His
1095 2111 1173 2169 enim
1191 2110 1315 2184 scriptis
1333 2111 1425 2168 etiam

254 2207 316 2280 ipse
340 2204 479 2284 interfui,
509 2223 577 2265 cum
601 2223 693 2265 essem
716 2206 801 2280 apud
822 2204 940 2264 Aelium
964 2207 1140 2266 adolescens
1163 2223 1290 2280 cumque
1313 2207 1425 2265 audire

248 2304 440 2376 perstudiose
462 2307 598 2364 solerem.
638 2303 753 2362 Cottam
777 2310 877 2362 autem
899 2306 1062 2364 miror...
1082 2307 1227 2364 Aelianas
1250 2307 1330 2365 leues
1354 2321 1424 2364 ora-

253 2402 406 2460 tiunculas
429 2403 568 2460 uoluisse·
583 2402 756 2460 existimari
777 2417 858 2460 suas.

343 2493 392 2557 12.
416 2494 507 2556 Varro
533 2516 577 2576 ap.
598 2495 726 2558 Gellium
744 2495 758 2554 Ι
778 2494 829 2576 18,
854 2495 887 2557 2:
901 2573 905 2579 Ι
920 2499 953 2558 L.
973 2502 1077 2560 Aelius
1099 2507 1209 2574 noster,
1237 2503 1346 2561 litteris
1374 2518 1423 2559 or·

252 2597 426 2654 notissimus
449 2598 593 2655 memoria
617 2601 735 2669 nostra,
759 2599 880 2656 errauit
902 2600 1091 2672 aliquotiens.

344 2689 393 2751 13.
418 2690 489 2752 Gcll.
510 2691 536 2750 X
551 2689 605 2771 21,
618 2689 652 2752 2:
667 2739 674 2750 .
689 2740 696 2752 .
712 2739 719 2752 .
734 2695 788 2766 aui
800 2696 990 2755 doctissimas
1009 2713 1113 2756 eorum
1133 2703 1297 2771 temporum
1308 2694 1424 2775 suerat,

252 2787 286 2847 L.
305 2790 408 2848 Aelius
432 2790 526 2850 Stilo.
542 2837 570 2849 ..

342 2881 392 2946 14.
417 2885 488 2945 Geli.
506 2885 547 2946 ΙΙΙ
567 2884 596 2966 3,
619 2885 672 2947 12:
696 2889 790 2948 Homo
814 2892 1035 2951 cruditissimus
1059 2891 1092 2950 L.
1111 2891 1215 2952 Aelius
1238 2893 1369 2965 quinque
1392 2896 1423 2950 ct

251 2985 364 3057 uipinti
385 2986 450 3043 eius
473 2977 529 3066 (sc.
549 2977 667 3066 Plauti)
691 3003 755 3046 esse
777 2991 857 3047 solas
880 2992 1075 3050 existimauit.

341 3077 390 3141 15.
416 3080 486 3143 Gall.
502 3081 566 3142 XVI
582 3080 611 3163 8,
626 3081 659 3143 2:
687 3084 938 3146 Commentariun
954 3089 991 3146 de
1002 3089 1169 3162 proloquiis
1183 3086 1217 3146 L.
1233 3086 1320 3162 Aelii,
1333 3087 1423 3146 docti

250 3181 391 3252 bominis,
415 3183 469 3253 qui
486 3184 631 3255 mapister
657 3181 804 3242 Varronis
824 3182 894 3258 suit,
916 3187 1049 3244 studiose
1072 3186 1276 3258 quaesiuimus
1296 3200 1422 3257 eumque

251 3278 281 3336 in
304 3277 396 3336 Pacis
419 3279 600 3338 bibliotheca
623 3286 777 3356 repertum
800 3285 933 3356 lepimus.
971 3282 1034 3342 Sed
1055 3284 1085 3341 in
1109 3298 1144 3341 eo
1163 3283 1241 3341 nibil
1260 3283 1422 3341 edocenter

249 3391 346 3447 neque
370 3377 414 3434 ad
436 3378 651 3437 instituendum
674 3381 839 3453 explanate
861 3381 1007 3455 scriptum
1031 3386 1082 3452 est,
1105 3378 1275 3454 fecisseque
1298 3380 1422 3437 uidetur

250 3488 316 3530 eum
327 3473 438 3532 librum
449 3475 551 3534 Aelius
560 3478 611 3534 sui
618 3478 715 3550 mapis
725 3459 915 3550 admonendi,
926 3492 1016 3550 quam
1027 3479 1156 3536 aliorum
1168 3477 1299 3536 docendi
1305 3477 1420 3548 pratia.

340 3566 390 3630 16.
415 3568 648 3646 Gell.1113,1:
672 3573 754 3633 Bene
777 3576 926 3633 litteratos
944 3575 1078 3634 homines
1102 3576 1206 3634 dicere
1229 3575 1344 3645 audiui,
1368 3574 1423 3645 aaz·

246 3670 410 3743 plerasque
434 3670 538 3731 Plauti
560 3672 730 3730 comoedias
754 3673 876 3730 curiose
899 3678 990 3745 atque
1008 3679 1147 3732 contente
1166 3673 1343 3730 lectitarunt
1361 3686 1420 3729 non

249 3768 403 3826 indicibus
422 3771 503 3828 Aelii
524 3787 580 3829 nec
600 3769 731 3842 Sediplti
747 3786 804 3828 nec
827 3768 950 3829 Claudii
967 3787 1024 3829 nec
1042 3769 1162 3828 Aurelii
1183 3784 1240 3826 nec
1259 3767 1347 3827 Accii
1364 3784 1421 3827 nec

249 3862 374 3923 Manilii
392 3883 484 3941 supcr
507 3867 554 3926 lais
574 3866 697 3942 sabulis,
721 3883 800 3940 quae
823 3869 969 3927 dicuntur
993 3867 1161 3941 ambipuae,
1186 3865 1383 3924 crediturum.

330 3957 389 4040 ⁸17.
418 3959 521 4021 Cicero
546 3962 632 4023 Acad.
656 3973 731 4043 post.
750 3963 763 4022 Ι
783 3961 812 4043 2,
832 3961 866 4026 8:
903 3965 988 4037 Quae
1010 3970 1110 4024 autem
1132 3978 1218 4021 nemo
1242 3962 1345 4021 adbuc
1369 3965 1419 4021 do-

248 4063 358 4116 cuerat
371 4077 428 4117 nec
448 4067 516 4118 erat
529 4062 610 4120 unde
623 4064 752 4122 studiosi
769 4065 851 4122 scire
859 4069 990 4139 possent,
1010 4079 1046 4121 ea
1057 4108 1063 4120 .
1075 4107 1081 4119 .
1093 4107 1099 4120 .
1107 4059 1172 4135 feci
1184 4065 1219 4118 ut
1237 4065 1336 4119 essent
1349 4065 1419 4117 nota

248 4156 416 4225 nostris;a
442 4157 569 4217 Graecis
593 4161 671 4218 enim
692 4162 758 4234 peti
779 4177 839 4219 non
858 4165 1003 4236 poterant
1026 4175 1064 4218 ac
1084 4165 1152 4234 post
1170 4157 1204 4218 L.
1224 4159 1304 4216 Aelii
1323 4158 1422 4216 nostri

247 4268 389 4311 occasum
412 4271 450 4312 ne
469 4271 488 4312 a
508 4253 625 4315 Latinis
648 4259 776 4330 quidem.

338 4345 389 4409 18.
412 4347 515 4410 Cicero
534 4351 570 4410 de
586 4349 752 4433 orat.143,
769 4350 846 4413 193:
869 4355 943 4413 Siue
966 4371 1052 4428 auem
1070 4355 1147 4414 laec
1167 4354 1297 4413 Aeliana
1315 4353 1418 4412 studia

248 4449 408 4524 delectant,
429 4451 563 4523 plurima
582 4456 626 4509 est
645 4457 674 4508 et
692 4454 723 4510 in
742 4453 825 4510 omni
842 4453 912 4510 iure
929 4454 1016 4512 ciuili
1034 4458 1063 4510 et
1085 4449 1116 4511 in'
1136 4453 1313 4527 pontificum
1332 4450 1418 4508 libris
