3254 5032
732 343 951 406 „10-

261 509 417 568 richsenus
436 517 466 568 et
486 507 643 588 ileusdius,
666 505 911 584 improbauerunt
931 506 1095 568 Bitendtius
1115 516 1144 568 et
1161 509 1279 587 Bakius,
1303 525 1430 586 thorum

261 607 460 684 posteriorum
484 607 666 684 argumentis
690 604 821 664 Orellius
850 605 880 662 in
908 603 999 664 altera
1023 606 1153 665 editione
1177 625 1209 666 se
1235 612 1348 666 tantum
1373 623 1431 664 non

260 704 421 762 refutatum
445 702 500 762 sihi
525 703 621 763 uideri
640 703 784 762 concedit.
822 701 934 761 Tamen
954 721 999 762 me
1020 701 1055 762 ab
1076 702 1178 763 Orellii
1197 703 1333 782 partibus
1353 709 1430 762 stare

262 801 412 860 contiteor.
452 799 554 878 Neque
575 800 652 858 enim
673 807 768 859 exstat
789 798 868 858 ullus
887 799 1013 881 Laelius
1037 800 1072 860 de
1098 820 1156 880 quo
1180 801 1228 860 hic
1249 819 1346 860 sermo
1365 819 1431 860 esse

259 899 367 976 possit,
395 915 493 976 neque
521 904 693 975 argumenta
723 896 861 956 Ellendtii
890 905 920 956 et
948 897 1030 957 Bakii
1058 900 1155 978 magui
1183 907 1252 958 sunt
1282 900 1430 958 momenti.

263 995 372 1054 Bakius
397 998 474 1054 enim
498 994 570 1054 nihil
595 995 667 1054 dicit
687 996 744 1053 nisi
767 995 836 1054 hoc:
860 989 966 1055 ‘Laelii
990 1013 1096 1055 nomen
1122 1015 1181 1056 non
1206 996 1432 1076 sollicitandum,

262 1091 313 1152 ubi
333 1093 409 1151 certi
432 1091 504 1151 nihil
529 1093 647 1151 restitui
669 1097 781 1169 potest:
806 1093 871 1168 quis
890 1094 946 1153 iste
965 1092 1082 1153 Laelius
1106 1095 1209 1174 fuerit,
1232 1087 1431 1172 ignoramns'3

262 1189 427 1250 Ettendtius
459 1208 531 1249 uero
563 1207 629 1250 cum
661 1197 748 1267 negat
778 1189 940 1249 uerisimile
972 1209 1038 1250 esse
1063 1191 1234 1251 Scaeuolam
1265 1185 1430 1250 ‘hominem

259 1305 362 1346 senem
386 1296 415 1348 et
438 1286 615 1348 honoratum
645 1295 674 1347 et
696 1288 809 1347 ueteris
833 1286 1004 1365 disciplinae
1029 1307 1097 1348 cum
1126 1290 1256 1348 nouitiae
1280 1288 1430 1348 doctrinae

260 1385 373 1445 cultore
394 1403 489 1463 eoque
508 1385 647 1446 libertino
667 1384 776 1462 aliquid
796 1387 996 1464 constituisse,
1016 1404 1071 1445 nec
1090 1385 1170 1446 hunc
1189 1386 1328 1446 hahuisse
1347 1404 1430 1466 prae-

261 1483 342 1543 dium
366 1479 595 1562 suburbanum',
614 1485 677 1542 sine
698 1481 786 1543 dubio
806 1482 920 1542 Aelium
941 1482 1087 1542 Stilonem
1107 1485 1238 1561 equitem
1257 1502 1325 1543 cum
1344 1482 1431 1542 libcr-

262 1583 323 1640 tino
347 1580 396 1640 illo
421 1580 583 1655 confundit,
607 1581 643 1640 de
664 1598 722 1659 quo
743 1580 829 1639 modo
852 1579 1078 1660 disputauimus.
1116 1580 1218 1660 ltaque
1238 1581 1309 1660 quid
1330 1579 1432 1641 Oreliii

262 1680 451 1739 coniecturae
471 1679 569 1739 obstet
588 1697 647 1738 non
667 1677 763 1756 uideo,
787 1680 843 1737 etsi
862 1684 973 1738 certam
993 1697 1057 1738 eam
1077 1698 1143 1739 esse
1162 1698 1248 1739 nemo
1264 1678 1431 1739 contendet.

350 1777 450 1838 Aetius
474 1796 541 1855 quo
566 1796 655 1837 anno
679 1782 841 1834 mortuus
872 1777 919 1834 sit
942 1794 1000 1835 non
1023 1785 1138 1837 constat
1162 1795 1258 1855 neque
1282 1775 1432 1837 enucleari

261 1882 368 1953 potest.
416 1873 477 1934 Hoc
506 1875 600 1935 sotum
629 1867 793 1953 possumus
816 1873 978 1934 aitirmarc:
1016 1877 1041 1933 si
1069 1893 1145 1935 anno
1175 1893 1198 1934 a.
1223 1874 1291 1934 Chr.
1320 1892 1347 1933 n.
1370 1870 1432 1933 160

262 1980 348 2032 natus
373 1980 425 2050 est,
451 1972 527 2032 nitra
547 1991 656 2032 anniam
675 1991 700 2031 a.
720 1970 787 2030 Chr.
808 1989 835 2032 n.
855 1974 1105 2051 septuagesimum
1129 1975 1179 2032 uix
1198 1974 1295 2050 potuit
1313 1973 1432 2050 uiuere3

262 2088 390 2148 quocum
421 2071 525 2128 mortis
554 2076 688 2147 tempore
716 2069 907 2128 consentiunt
935 2087 1009 2146 quae
1038 2069 1115 2148 apud
1144 2069 1318 2129 Ciceronem
1347 2067 1431 2127 Bruti

263 2168 328 2228 loco
352 2166 402 2226 iilo
425 2167 483 2225 iam
507 2166 625 2242 saepius
647 2174 875 2226 commemorato
894 2160 929 2245 (ᾗ
948 2161 1137 2246 205-207)
1159 2169 1268 2244 scripta
1288 2166 1433 2247 uidemus,

262 2265 312 2325 nbi
336 2264 439 2324 Cicero
468 2271 528 2323 tam
552 2262 643 2323 nauita
672 2263 708 2324 de
732 2263 814 2324 Aelio
837 2263 929 2324 uerba
957 2264 1027 2324 iacit
1051 2270 1169 2342 tamque
1198 2265 1332 2344 copiose,
1362 2264 1431 2342 quid

262 2363 368 2422 litteris
387 2362 578 2440 praestiterit,
599 2363 727 2441 exponit,
752 2363 860 2422 utiam
880 2363 978 2440 aliquo
998 2370 1131 2442 tempore
1151 2369 1309 2439 antequam
1328 2360 1431 2421 Cicero

261 2460 386 2519 Brutum
411 2457 515 2537 edidit,
544 2458 622 2538 quod
647 2477 724 2517 anno
747 2455 790 2519 46
820 2459 930 2518 sactum
959 2477 1024 2518 esse
1054 2461 1113 2518 uiri
1136 2460 1215 2519 docti
1239 2457 1431 2537 contendunt,

261 2557 399 2616 uideatur
428 2564 563 2616 mortuus
592 2574 665 2615 csse.
712 2555 815 2634 Neque
844 2555 1006 2616 abhorrent
1038 2555 1074 2615 ab
1103 2558 1146 2615 eis
1175 2575 1250 2635 quae
1280 2558 1310 2615 in
1340 2555 1431 2616 Bruto

261 2654 386 2732 legimus
406 2671 534 2731 eaquae
554 2652 641 2713 Acad.
656 2652 668 2712 1
686 2651 715 2733 2,
731 2651 750 2715 8
770 2662 886 2714 exstant
906 2681 947 2702 =
967 2660 1034 2714 test.
1053 2650 1100 2713 17.
1133 2653 1313 2714 Prodierunt
1331 2661 1430 2713 autem

262 2751 434 2812 Academica
459 2769 536 2811 anno
560 2770 584 2811 a.
609 2750 676 2812 Cirr.
696 2771 723 2812 n.
741 2748 794 2812 45.

350 2848 431 2920 Quae
450 2857 606 2929 postquam
624 2848 660 2908 de
675 2848 749 2909 tetii
769 2851 828 2910 uita
848 2851 1048 2929 exposuimus,
1069 2866 1148 2908 nunc
1163 2847 1199 2909 de
1215 2849 1347 2909 doctrina
1364 2850 1429 2909 eius

262 2956 350 3026 atquc
375 2948 482 3007 studiis
506 2946 695 3007 disseramus,

758 3151 874 3228 Oapui
896 3152 935 3211 ΙΙ.

474 3289 533 3354 De
557 3289 667 3354 Aelii
691 3288 885 3354 doctrina
909 3291 1033 3370 atque
1058 3288 1220 3353 studiis.

352 3435 421 3494 Late
445 3437 575 3514 patuisse
591 3435 664 3495 Aelii
683 3435 847 3494 doctrinam
871 3442 992 3513 apparet
1013 3441 1097 3493 etex
1117 3433 1181 3494 loco
1202 3432 1351 3493 Suetonii:
1370 3427 1431 3491 ‘Iu-

261 3541 443 3594 struceruut
470 3541 686 3608 auxeruntque
710 3535 752 3592 ad
776 3535 872 3592 omui
889 3539 999 3607 parte
1019 3535 1253 3606 qrammaticam
1277 3530 1310 3589 L.
1330 3531 1433 3589 Aelius

262 3633 444 3692 Lanuuinus
470 3649 627 3706 qenerque
650 3632 730 3690 Aelii
748 3631 813 3690 Ser.
842 3630 974 3702 Clodius,
1004 3636 1132 3706 uterquc
1155 3647 1245 3704 eques
1269 3629 1432 3702 Romanus,

262 3733 438 3804 multique
470 3748 513 3788 ac
537 3731 639 3788 uarii
662 3733 696 3787 et
724 3730 759 3785 in
784 3729 956 3786 doctriua
980 3735 1014 3788 et
1041 3732 1077 3789 iu
1100 3729 1292 3804 republica
1320 3717 1431 3796 usus,'

264 3836 294 3887 et
318 3846 352 3886 ex
378 3826 530 3886 Ciceronis
555 3825 639 3884 Bruti
662 3823 727 3882 loco
751 3819 803 3903 56,
822 3820 1012 3886 205-2062
1035 3820 1118 3885 ‘Fuit
1140 3826 1242 3884 Aetius
1266 3823 1432 3882 eruditissi-

264 3943 330 3984 mus
353 3931 383 3983 et
404 3926 531 3983 Graecis
555 3926 664 3984 titteris
687 3928 716 3982 ei
730 3923 848 3982 Latinis
863 3926 1112 3997 antiquitatisque
1135 3928 1258 3983 uestrae
1281 3927 1311 3980 ct
1334 3921 1365 3978 iu
1389 3920 1433 3978 iu·

264 4025 363 4083 uectis
386 4023 478 4082 rebus
497 4028 526 4081 et
545 4024 576 4080 iu
595 4023 673 4080 actis
691 4024 934 4096 scriptorumque
952 4026 1089 4080 ueterum
1104 4023 1236 4080 litterate
1247 4019 1373 4094 peritus.
1389 4047 1433 4056 -

267 4122 350 4180 Idem
368 4121 472 4179 Aelius
492 4119 612 4179 Stoicus
630 4135 694 4178 esse
712 4122 816 4192 uoluit,
840 4124 946 4178 orator
965 4122 1065 4176 autera
1088 4135 1145 4178 uec
1163 4118 1279 4176 studuit
1300 4131 1435 4190 uuquam

265 4235 322 4277 uec
343 4211 424 4292 fait?
463 4215 528 4286 Quo
549 4214 700 4276 Ciceronis
724 4215 788 4275 loco
812 4213 961 4273 Heusdius
985 4215 1150 4273 rectissime
1174 4212 1246 4273 dicit
1268 4213 1361 4272 totius
1379 4211 1434 4270 Ae·

263 4314 357 4374 lianae
386 4313 538 4373 doctrinae
570 4315 781 4392 praestantiam
814 4313 975 4390 expositam
1007 4329 1080 4370 esse.
1132 4310 1233 4388 itaque
1263 4307 1349 4368 nobis
1377 4310 1432 4366 iam

263 4411 337 4472 nihil
372 4410 539 4472 iaciendum
568 4418 626 4490 est,
659 4410 717 4469 nisi
751 4418 785 4471 ut
813 4429 860 4490 ea,
888 4427 963 4487 quae
992 4406 1096 4469 Cicero
1128 4406 1261 4467 breuiter
1289 4406 1435 4482 exposuit,
