3254 5032
672 361 890 426 ..11-

196 529 320 589 aliorum
345 525 582 588 testimoniorum
606 535 637 586 et
660 527 819 603 praecipue
849 525 1083 603 fragmentorum
1111 543 1166 602 ope
1196 523 1289 584 adiuti
1318 542 1365 584 ac·

195 629 330 687 curatius
354 625 477 686 desinire
501 632 532 684 et
555 625 650 684 fusius
674 623 821 701 explicare
842 640 994 704 conemur,
1013 640 1099 699 quam
1119 621 1268 682 lleusdius
1288 623 1366 681 lecit.

285 724 381 803 Atque
402 731 434 784 ut
462 721 498 782 ab
522 740 554 782 ea
574 721 726 781 ordiamur
750 720 918 802 disciplina,
942 739 998 799 qua
1019 738 1105 780 nemo
1129 729 1200 781 tunc
1223 721 1367 798 temporis

195 823 284 882 homo
307 821 439 882 urbanus
463 837 565 881 carere
594 821 701 899 potuit,
732 838 746 878 a
775 817 1016 899 philosophia,
1044 818 1159 878 Aelium
1189 813 1366 878 ‘Stoicum

195 939 261 981 esse
284 915 431 981 uoluisse'
453 919 660 997 comperimus.
695 916 776 988 Quae
792 915 943 976 Ciceronis
963 915 1054 976 uerba
1074 925 1171 976 tamen
1190 915 1275 975 aliter
1294 915 1366 975 mihi

195 1018 338 1078 uidentur
365 1015 534 1096 accipienda
563 1033 628 1074 esse
657 1023 744 1093 atque
769 1013 918 1074 Heusdius
947 1013 1050 1074 uoluit.
1097 1013 1182 1074 Patet
1210 1016 1288 1073 enim
1312 1014 1366 1072 Ae·

195 1115 268 1176 lium
292 1115 429 1175 Ciceroni
453 1120 533 1172 certe
558 1129 664 1172 uerum
689 1110 821 1171 Stoicum
846 1130 904 1170 non
934 1113 1032 1172 uisum
1056 1123 1130 1172 esse.
1177 1110 1278 1189 ltaque
1302 1129 1366 1171 eam

194 1213 233 1273 ob
257 1231 375 1273 causam
399 1211 572 1272 Ciceronem
597 1209 670 1270 haec
694 1210 730 1270 de
755 1208 867 1269 Stilone
891 1209 1000 1269 dixisse
1029 1208 1171 1290 arbitror,
1201 1209 1278 1288 quod
1308 1228 1366 1268 aron

195 1313 254 1389 ipsi
274 1310 442 1370 Stoicorum
463 1308 665 1389 philosophiae
684 1325 804 1385 operam
824 1306 915 1388 dedit,
938 1308 1040 1366 sedin
1061 1307 1166 1367 studiis
1186 1309 1248 1367 suis
1271 1325 1367 1385 grem·

195 1410 311 1468 maticis
334 1425 437 1467 eorum
467 1408 590 1485 uestigia
619 1405 800 1483 sequebatur
829 1405 875 1465 uel
900 1403 1054 1483 disciplina
1083 1422 1186 1464 eorum
1215 1405 1367 1464 dialectica

195 1505 336 1566 utebatur
359 1505 394 1564 ad
418 1503 595 1564 inuenienda
620 1503 783 1581 ueriloqnia
804 1512 834 1563 et
852 1501 1013 1562 uerborum
1034 1505 1277 1582 compositionem
1301 1501 1366 1562 illu·

195 1601 354 1661 strandam.
396 1601 498 1678 ltaque
522 1618 590 1659 cum
611 1593 835 1682 Wilmannsioll
859 1599 966 1659 librum
990 1599 1073 1660 illum
1088 1599 1161 1659 Aelii
1185 1600 1225 1659 de
1248 1599 1368 1678 prolo-

195 1700 306 1777 quiis,
330 1701 382 1776 qui
405 1716 420 1758 a
444 1697 537 1757 Gellio
561 1691 639 1779 (xvi
664 1693 697 1776 8)
722 1704 983 1777 commemoratur,
1007 1716 1065 1758 non
1090 1698 1270 1777 pertinuisse
1294 1706 1366 1775 puto

195 1797 231 1856 ad
250 1799 344 1875 ipsam
365 1796 532 1856 Stoicorum
552 1804 645 1856 artem
665 1794 848 1854 dialecticam
871 1828 907 1837 -
929 1794 958 1854 id
979 1794 1058 1872 quod
1078 1794 1226 1854 Heusdius
1246 1788 1288 1876 (p.
1308 1791 1365 1876 60)

195 1894 349 1954 contendit
372 1926 431 1972 -‚
455 1894 505 1966 sed
530 1893 565 1952 ad
591 1891 750 1952 uerborum
776 1893 1019 1970 compositionem
1049 1884 1251 1974 (σύνταξιν),
1279 1910 1366 1970 quam

195 1991 297 2051 Aelius
320 2009 390 2050 sane
414 1991 577 2050 secundnm
599 1990 766 2049 Stoicorum
791 1989 955 2048 doctrinam
979 1997 1009 2048 et
1032 1991 1190 2068 praecipue
1211 1988 1368 2068 Chrysippi

195 2088 304 2148 librum
331 2081 406 2167 περὶ
435 2080 666 2168 altampetram)
695 2080 789 2168 (Diog.
813 2086 910 2146 Laert.
933 2086 982 2145 Vll
1006 2080 1084 2168 190)
1113 2086 1169 2146 hoc
1198 2084 1273 2145 libro
1301 2085 1366 2147 illu·

195 2194 290 2246 strare
316 2194 345 2245 et
368 2184 525 2263 explanare
550 2192 673 2245 conatus
698 2190 750 2244 est.
797 2182 871 2243 ilinc
897 2186 985 2244 etiam
1009 2193 1145 2264 apparet,
1169 2202 1223 2244 cur
1247 2183 1367 2264 Gellius,

195 2287 246 2364 qui
265 2284 315 2344 illo
335 2284 412 2344 libro
434 2279 482 2344 ‘tn
502 2286 679 2360 disciplinas
698 2286 877 2344 dialectices
896 2285 1004 2343 induci
1021 2289 1112 2357 atque
1131 2277 1240 2342 imbut'
1263 2281 1367 2360 uoluit,

196 2388 227 2444 in
251 2402 286 2443 eo
311 2377 406 2443 ‘otuu
426 2385 589 2442 edocenter
607 2399 704 2455 oeque
723 2382 766 2441 ad
783 2382 999 2450 instituendum
1018 2375 1197 2457 explanate'
1221 2382 1366 2458 scriptum

196 2483 289 2543 luisse
308 2481 395 2540 dicat.
413 2512 457 2521 -
478 2477 535 2537 Sed
556 2495 615 2537 non
634 2479 664 2537 in
689 2479 830 2556 syntaxi
854 2477 949 2537 solum
970 2478 1131 2558 tractanda,
1154 2496 1261 2538 uerum
1279 2479 1368 2537 etiam

195 2582 225 2638 in
257 2576 476 2653 ueriloquiis
506 2575 694 2635 inueniendis
721 2575 835 2636 Aelium
867 2574 1036 2636 Stoicorum
1068 2575 1159 2636 luisse
1190 2582 1368 2635 sectatorem

195 2694 283 2754 supra
309 2674 445 2734 diximus
492 2673 576 2743 Quod
606 2673 822 2751 quodammodo
853 2673 1044 2733 confirmatur
1073 2681 1102 2734 et
1129 2674 1275 2733 Prisciani
1303 2671 1367 2731 loco

194 2774 266 2832 lnst.
281 2791 323 2851 gr.
339 2770 378 2830 Xl
395 2768 412 2831 1
431 2797 470 2819 =
488 2769 536 2830 Cr.
546 2769 578 2830 L.
593 2769 619 2829 ll
638 2791 666 2850 p.
676 2766 755 2832 548:
775 2765 920 2831 ‘Romane'
937 2774 1050 2831 artium
1069 2774 1234 2846 scriptores
1253 2772 1367 2831 Stoico-

195 2887 264 2929 rum
282 2872 381 2930 secuti
398 2871 495 2943 magis
514 2863 723 2929 traditionem'
748 2875 778 2929 et
797 2887 841 2949 eo,
863 2868 941 2946 quod
956 2867 1071 2950 Cicero,
1091 2887 1179 2946 quem
1199 2869 1367 2931 Stoicorum

196 2965 390 3045 etymologiae
414 2968 544 3025 rationes
568 2965 738 3045 despexisse
763 2985 799 3026 ex
822 2966 959 3046 pluribus
981 2966 1055 3027 locis
1078 2961 1170 3047 (Fest.
1194 2986 1217 3029 s.
1236 2986 1264 3029 u.
1285 2970 1367 3047 oppi-

196 3063 302 3124 dorum
326 3083 354 3142 p.
374 3060 438 3123 202
458 3063 504 3145 M,
524 3063 582 3123 Cic.
602 3063 638 3122 de
658 3065 705 3124 oli.
725 3063 738 3123 1
758 3062 787 3146 l,
805 3059 863 3144 23)
886 3066 1005 3146 scimus,
1031 3068 1087 3126 etsi
1110 3064 1224 3126 Aelium
1249 3067 1367 3143 saepius

195 3161 304 3242 laudat,
326 3160 373 3220 bis
396 3168 511 3221 tantum
534 3160 733 3238 ueriloquium
757 3161 848 3222 abeo
872 3163 1027 3223 inuentum
1049 3171 1269 3224 commemorat.
1305 3163 1368 3222 lam

196 3276 270 3318 uero
294 3266 327 3318 ut
351 3277 398 3339 ea,
426 3277 501 3337 quae
525 3258 718 3318 coniectando
747 3262 839 3338 magis
867 3278 955 3337 quam
984 3259 1214 3322 demonstrando
1239 3263 1367 3322 assecuti

197 3373 309 3436 sumuS,
332 3355 434 3415 solidis
459 3357 610 3417 firmemus
633 3359 824 3437 argumentis,
849 3359 981 3435 exposita
1001 3357 1178 3420 breuissime
1198 3359 1367 3419 Stoicorum

196 3453 388 3534 etymologiae
414 3455 536 3533 ratione,
561 3453 677 3531 qualem
696 3453 797 3514 helius
817 3454 1051 3533 ueriloquiorum
1070 3457 1304 3535 indagandorum
1323 3459 1366 3516 in·

196 3569 318 3631 gressus
333 3553 371 3612 sit
386 3552 474 3628 triani,
488 3552 561 3629 ipsis
580 3552 753 3629 fragmentis
772 3551 961 3632 explicemus.
991 3552 1073 3614 Vnde
1093 3553 1245 3634 apparebit
1264 3572 1368 3613 omnes

196 3650 244 3710 uel
273 3656 354 3709 certe
377 3647 519 3728 plurimas
543 3647 661 3708 illorum
685 3653 814 3711 rationes
838 3653 925 3711 etiam
956 3651 991 3710 ab
1015 3651 1072 3712 hoc
1096 3651 1268 3712 obseruatas
1292 3668 1367 3710 esse.

286 3746 326 3806 Ac
352 3747 481 3824 primum
507 3744 625 3823 quidem
650 3746 803 3808 uideamus
830 3782 867 3790 —
894 3751 925 3832 in
953 3768 1011 3828 quo
1036 3749 1204 3810 Stoicorum
1228 3747 1368 3826 etymolo-

196 3848 261 3923 giae
290 3862 403 3904 summa
432 3853 478 3904 est
504 3844 600 3922 posita
626 3876 664 3886 -
691 3863 749 3922 quo
773 3845 861 3905 modo
889 3845 931 3905 illi
959 3854 1065 3925 putent
1092 3847 1203 3906 lactum
1227 3864 1305 3926 esse,
1335 3853 1368 3905 ut

196 3962 245 4003 res
260 3943 500 4003 nominarentur:
525 3959 599 4020 quae
615 3941 734 4019 quidem
750 3944 883 4020 quaestio
899 3961 957 4001 non
978 3944 1076 4003 minus
1095 3943 1130 4002 ad
1152 3943 1366 4022 philosophiam

199 4059 285 4119 qnam
301 4040 336 4100 ad
351 4041 570 4117 grammaticam
586 4040 724 4118 pertinet.
753 4039 848 4118 Atque
863 4037 912 4099 hic
927 4038 1059 4100 Lerschii
1069 4032 1105 4121 ³),
1120 4039 1153 4100 R.
1169 4034 1367 4122 Schmidtii4),

270 4204 297 4271 1)
325 4201 367 4255 De
386 4201 464 4256 Verr.
485 4200 547 4255 libr.
567 4217 683 4270 gramm.
704 4220 731 4271 p.
749 4207 790 4255 15.
876 4202 904 4269 2)
932 4195 1078 4270 ἀξιώματα
1101 4201 1174 4254 enim
1199 4198 1379 4284 aVarrone„

195 4282 244 4350 qui
262 4279 293 4334 in
310 4280 364 4335 hoc
384 4280 443 4334 sine
463 4280 547 4334 dubio
572 4281 736 4349 magistrum
756 4282 867 4336 secutus
887 4283 943 4349 est,
968 4281 1115 4351 proloquia.
1141 4279 1285 4349 appellata
1308 4298 1368 4336 esse

197 4359 270 4416 Geli.
290 4361 324 4417 N.
344 4361 377 4415 A.
397 4359 461 4415 XVI
481 4361 597 4415 Sicelis
617 4363 666 4415 est.
732 4363 759 4430 3)
777 4360 879 4415 Philos.
895 4361 962 4431 ling.
977 4359 1016 4413 ΙΙΙ
1031 4380 1057 4430 p.
1072 4366 1186 4416 41-51.
1240 4364 1267 4429 4)
1283 4360 1366 4416 Stolo.

195 4457 313 4510 gramm.
332 4458 357 4509 p.
373 4446 407 4494 23
417 4457 477 4508 sqq.
