3254 5032
683 380 904 444 ..37-

208 557 238 611 et
261 554 292 611 in
316 551 388 609 XII
407 549 517 609 tubulis
541 549 730 622 antiquitatis
754 543 880 620 esfiqies,
903 547 986 619 quod
1008 551 1037 606 et
1059 546 1222 605 uerborum
1245 550 1379 605 uetustas

204 653 314 726 prisea
329 651 523 724 coquoscitur
542 653 572 709 et
590 650 742 706 actionum
754 661 871 720 qenera
886 646 1035 718 quaedam
1053 647 1203 704 maiorum
1222 650 1378 705 eonsuetu-

208 749 309 807 dinem
332 748 486 819 uitamque
509 746 680 805 declarant.

298 842 348 905 19.
378 839 549 911 Quintilian.
572 840 643 900 inst.
666 859 708 902 or.
729 837 754 898 X
779 837 812 919 1,
836 835 893 899 99:
923 839 1011 899 Licet
1040 839 1139 900 Varro
1163 840 1277 913 Musas,
1301 838 1381 900 Aelii

209 943 334 1002 Stilonis
352 943 510 1014 sententia,
526 941 668 1000 Plautino
688 939 772 998 dicut
789 953 926 997 sermone
945 940 1101 997 locuturus
1117 935 1221 1012 fuisse,
1240 941 1269 997 si
1285 940 1379 998 iatine

206 1045 290 1116 toqui
311 1044 373 1102 ueil
411 1046 443 1099 t.
459 1085 487 1097 ..

295 1136 348 1199 20.
371 1136 484 1196 Plinius
507 1133 542 1195 H.
561 1132 596 1194 N.
616 1132 680 1192 XIV
700 1130 755 1193 93:
784 1133 965 1193 Scaeuolam
989 1151 1106 1209 quoque
1129 1140 1158 1195 et
1176 1134 1210 1193 L.
1230 1128 1377 1214 Aetium¹)

205 1243 235 1296 et
254 1238 373 1297 Ateium
396 1237 569 1311 Capitonem
594 1236 624 1293 in
648 1234 753 1292 eudem
776 1233 927 1291 sententia
942 1229 1040 1305 fuisse
1063 1233 1160 1305 uideo,
1185 1233 1327 1306 quoniam
1347 1234 1377 1291 in

207 1335 355 1414 Pseudolo
378 1337 433 1394 sit:

343 1433 465 1504 Quodsi
475 1447 548 1505 opus
558 1433 610 1508 est,
618 1435 652 1488 ut
659 1431 748 1489 dulce
753 1431 877 1505 promat
887 1428 1019 1486 indidem
1027 1428 1138 1501 ecquid
1146 1426 1251 1486 tabet:
1265 1429 1377 1502 roqas?

338 1530 528 1608 Murrinam,
547 1544 682 1608 passum,
706 1524 873 1600 defrutum,
900 1527 987 1584 melia
1011 1569 1093 1597 ....,

207 1630 317 1703 quitus
340 1633 470 1703 apparet
492 1643 551 1685 non
576 1629 655 1685 inter
679 1627 754 1684 uina
777 1625 864 1683 modo
887 1625 1066 1697 murrinam,
1093 1622 1150 1680 sed
1171 1623 1251 1681 inter
1275 1624 1378 1683 dulcia

204 1743 323 1800 quoque
345 1727 540 1785 nominatum.
586 1721 744 1782 Praeterea
768 1720 868 1780 Aelius
891 1727 995 1780 auctor
1018 1719 1105 1778 Plinii
1129 1729 1378 1782 commemoratur

206 1825 237 1882 in
261 1821 409 1882 indicibus
433 1820 577 1882 librorum
600 1819 649 1902 IX,
672 1818 745 1899 xiv,
768 1817 827 1880 XV.

293 1918 343 1982 21.
372 1917 464 1979 Varro
484 1918 520 1978 de
544 1916 561 1976 l.
582 1917 643 1977 Lat.
663 1916 700 1975 Vl
723 1913 779 1977 59:
804 1919 1004 1976 Nouissimam
1020 1963 1026 1976 .
1042 1963 1049 1975 .
1064 1963 1070 1976 .
1086 1935 1152 1978 meo
1175 1921 1321 1979 memoria
1344 1926 1378 1979 ut

202 2017 306 2078 Aetius
333 2021 379 2078 sie
406 2035 492 2076 senes
515 2018 631 2090 aliquot
654 2017 777 2075 mimium
800 2031 912 2075 nouum
935 2015 1062 2074 uerbum
1086 2017 1168 2091 quod
1189 2022 1266 2076 esset
1298 2019 1375 2076 uita·

202 2117 284 2177 tant.
322 2116 365 2177 cf.
384 2115 456 2176 Gell.
477 2111 502 2172 X
523 2110 576 2173 21.

292 2210 344 2274 22.
371 2211 480 2272 Gell.V
499 2208 552 2290 21,
572 2207 606 2271 6:
637 2210 727 2271 Velim
747 2212 860 2271 doceas
878 2228 940 2286 nos,
965 2229 1023 2270 eur
1046 2205 1173 2288 ‘pluria'
1195 2215 1262 2272 siue
1285 2206 1375 2273 ‘com-

198 2307 327 2392 piuria',
347 2313 426 2371 nunu
438 2311 517 2370 enim
531 2310 645 2384 differt,
667 2327 726 2370 non
741 2309 851 2368 Latine
864 2309 920 2367 sed
933 2308 1067 2368 barbare
1082 2310 1219 2368 dicerint
1233 2310 1274 2368 M.
1294 2311 1375 2384 Cato,

207 2410 240 2480 Q.
260 2409 412 2483 Claudius,
443 2407 582 2466 Valerius
606 2407 727 2482 Antias,
751 2408 783 2466 L.
804 2396 947 2486 meiuod),
971 2404 1004 2465 P.
1025 2405 1177 2480 Niqidias,
1202 2405 1243 2466 M.
1268 2407 1375 2488 Varro,

202 2523 277 2580 quos
299 2508 520 2581 subscriptores
544 2507 821 2581 approbatoresque
844 2505 934 2562 dutus
957 2503 1047 2563 uerbi
1068 2504 1220 2564 habemus.

291 2600 343 2662 23.
370 2597 640 2683 oe11.v1115,5:
673 2604 782 2663 Noster
810 2608 924 2679 autem,
952 2619 1013 2676 quo
1040 2608 1085 2662 est
1111 2620 1215 2662 rerum
1243 2605 1374 2663 omnium

202 2703 381 2761 uerecunda
404 2702 622 2775 mediocritate,
645 2719 684 2761 ne
706 2703 734 2760 si
751 2701 830 2759 Aelii
852 2701 980 2773 quidem,
1008 2700 1107 2760 Cincii
1123 2707 1153 2761 et
1171 2701 1305 2762 Santrae
1328 2704 1372 2762 di-

201 2800 329 2858 cendum
354 2801 397 2858 itu
421 2801 621 2878 censuissent,
648 2800 863 2858 obsecuturum
885 2814 918 2856 se
942 2797 1040 2871 fuisse
1063 2800 1108 2857 ait
1135 2804 1244 2859 contra
1263 2818 1371 2876 perpe-

199 2904 282 2956 tuam
306 2896 436 2957 Latinae
459 2900 583 2972 linquae
606 2898 863 2957 consuetudinem.

284 2991 339 3076 24.
364 2992 435 3053 Geli.
455 2991 507 3052 XII
526 2990 556 3074 4,
576 2989 611 3054 5:
635 2995 668 3054 L.
688 2996 805 3054 Aetium
824 2993 967 3052 Stilonem
988 2994 1093 3052 dicere
1116 2996 1233 3053 sotitum
1254 2994 1370 3070 ferunt,

203 3093 236 3164 Q.
252 3091 383 3151 Ennium
402 3094 440 3152 de
458 3098 549 3153 semet
568 3095 631 3168 ipso
650 3094 727 3152 iioec
746 3093 904 3166 scripsisse
918 3092 1133 3165 picturamque
1153 3093 1240 3151 istam
1254 3109 1370 3153 morum

199 3196 230 3250 et
253 3193 369 3264 inqenii
392 3192 485 3266 ipsius
512 3191 544 3261 Q.
565 3191 659 3250 Ennii
677 3189 795 3264 factam
819 3205 889 3248 esse.

290 3282 340 3346 25.
365 3285 490 3367 Fronto,
514 3288 600 3366 epist.
620 3287 654 3346 ad
676 3285 832 3347 Caesarem
851 3292 881 3345 et
899 3285 1028 3344 inuicem
1047 3284 1068 3366 1,
1089 3282 1107 3346 ‘i
1129 3282 1268 3367 (Naber):
1295 3289 1368 3349 Con-

200 3387 304 3458 tiqisse
323 3387 398 3460 quid
416 3388 476 3445 tate
495 3385 538 3446 M.
553 3387 664 3446 Porcio
683 3391 738 3446 aut
762 3386 794 3456 (i.
814 3384 912 3444 Ennio
932 3390 985 3443 aut
1007 3385 1196 3444 dornone
1220 3393 1274 3444 aut
1295 3386 1370 3447 Titio

194 3485 325 3557 poetae?
371 3485 447 3558 quid
471 3484 609 3562 Scipioni
635 3491 689 3545 aut
716 3485 895 3544 Numidico?
940 3484 1016 3556 quid
1037 3483 1079 3542 M.
1102 3482 1196 3542 Tullio
1225 3487 1286 3544 tate
1313 3503 1368 3544 usu

197 3583 301 3639 uenit?
346 3597 475 3655 quorum
503 3583 577 3642 iibri
603 3585 800 3658 pretiosiores
827 3582 978 3641 iubentur
1010 3588 1040 3641 et
1066 3599 1210 3642 summam
1236 3585 1368 3656 qtoriam

197 3681 339 3752 retinent,
363 3681 392 3738 si
408 3684 479 3738 sunt
492 3674 549 3757 [a]
563 3679 779 3756 Lampadione,
804 3687 858 3740 aut
876 3679 1017 3740 Statorio
1032 3726 1038 3738 .
1054 3726 1059 3738 .
1075 3726 1081 3738 .
1096 3683 1131 3738 ui
1149 3687 1203 3739 aut
1216 3675 1367 3761 [Tirone]

196 3781 252 3834 aut
273 3774 358 3836 Aetio
382 3821 478 3836 .....
503 3780 556 3834 aut
578 3776 691 3856 Attico,
715 3785 770 3838 aut
792 3779 912 3855 Nepote.

286 3869 337 3932 26.
361 3872 546 3932 Aneodotum
561 3870 726 3934 Parisinum
743 3874 823 3936 Suet.
842 3894 869 3954 p.
887 3871 949 3943 138
966 3873 1010 3934 ed.
1029 3873 1127 3934 Reiii:
1146 3875 1202 3934 His
1219 3878 1291 3935 solis
1309 3873 1365 3952 (so.

198 3962 308 4051 siquis)
333 3973 364 4030 in
388 3972 634 4031 adnotationibus
657 3973 752 4033 Ennii
773 3965 915 4052 Lueilii³)
940 3979 969 4033 et
991 3975 1204 4033 historicorum
1228 3976 1277 4033 usi
1297 3980 1368 4033 sunt

203 4066 302 4126 Varro
326 4068 452 4127 Sinnius
475 4061 668 4150 deliusque4)
692 4076 722 4129 et
739 4077 891 4147 postremo
915 4072 1041 4131 Prooos.

269 4228 295 4295 1)
306 4225 690 4285 Heusdiioonieoturualano
699 4231 728 4284 et
737 4230 1024 4302 Deilefsenoprobata
1039 4249 1100 4284 sum
1114 4248 1189 4285 usus.
1234 4234 1261 4301 2)
1270 4233 1366 4297 Aetius

194 4306 299 4373 Carrio,
314 4308 393 4361 telius
407 4308 468 4362 cod.
506 4311 534 4378 3)
553 4311 658 4365 Lucilii
671 4313 713 4379 R,
729 4312 812 4367 Lucii
826 4311 885 4365 cod.
923 4317 950 4380 4)
968 4311 1013 4366 Sio
1028 4310 1142 4382 seripsi;
1162 4312 1237 4368 ood.:
1263 4314 1365 4370 Vorros

193 4387 311 4442 hennino
324 4387 429 4441 huetius
443 4404 559 4457 oequue;
577 4389 687 4458 Bergk,
707 4391 805 4445 Annal.
825 4392 881 4446 ant.
901 4391 989 4446 11115
1010 4393 1114 4461 (1845),
1134 4411 1161 4462 p.
1179 4399 1229 4448 114
1253 4395 1364 4450 scribit:

199 4467 387 4536 Varqnmteius
405 4467 518 4524 Laetius
533 4470 699 4539 Archelaae;
718 4471 811 4526 Reiffi:
837 4472 1022 4544 Varqunteius
1040 4473 1154 4528 Ennius
1174 4476 1326 4548 tenusque.
