3254 5032
730 424 773 432 -
818 387 861 452 2ss
907 425 948 432 .-.

256 549 367 629 Gallus,
398 549 475 628 quod
505 549 623 628 quidem
654 545 826 633 sciamus¹),
861 547 932 610 nihil
961 553 1080 631 scripsit
1107 561 1228 632 praeter
1255 549 1346 613 libros
1375 549 1430 614 ‘de

254 651 479 722 slpnificota'oae
501 650 679 723 uerborum,
704 667 783 722 quoe
810 651 853 708 ud
875 651 922 707 ius
945 651 1036 710 ciuile
1056 645 1237 726 pertinent',
1261 670 1297 710 ex
1321 651 1430 729 quibus

259 744 372 805 nullum
404 764 505 806 eorum
540 764 614 825 quae
643 746 698 806 sub
725 745 797 806 tetii
826 749 945 806 nominc
969 748 1045 827 apud
1070 746 1231 809 Varronem
1259 750 1429 810 inuenimus

255 843 490 923 fragmentorum
517 850 616 922 potest
644 852 795 923 sumptum
820 863 901 906 esse:
940 846 1089 908 Dubitatio
1114 855 1211 907 autem
1236 849 1331 908 oritur
1351 849 1429 927 apud

255 939 390 1024 Festum,
419 941 469 1002 ubi
493 958 562 1001 sane
587 941 726 1001 nonnulla
750 949 866 1003 exstant
889 945 1066 1026 fragmenta,
1094 963 1170 1023 quae
1195 951 1224 1004 et
1247 963 1282 1004 ea
1307 944 1429 1006 Stilonis

257 1039 384 1118 scriptis·
401 1047 430 1100 et
454 1058 490 1098 ex
514 1037 588 1098 Galli
606 1037 690 1097 libris
714 1039 805 1116 petita
830 1059 894 1102 esse
918 1051 1051 1122 possunt.
1094 1043 1205 1101 Tamen
1230 1042 1266 1102 de
1291 1042 1428 1103 omnibus

254 1134 312 1196 illis
343 1145 373 1196 et
400 1137 481 1196 Festi
514 1144 543 1195 et
576 1135 701 1194 aliorum
728 1135 801 1196 locis
835 1141 999 1200 rectissime
1031 1139 1102 1200 mibi
1134 1140 1255 1200 uidetur
1281 1139 1429 1200 iudicasse

259 1227 467 1316 Schoeltiosi),
492 1234 543 1311 qui
562 1234 746 1311 grauissimis
766 1254 838 1296 usus
858 1240 1039 1315 argumentis
1058 1227 1136 1318 dicit,
1158 1237 1329 1316 ubicunque
1351 1238 1429 1316 apud

254 1333 416 1410 scriptores
445 1331 568 1411 simplex
593 1331 668 1391 Aelii
695 1335 805 1393 mentio
829 1342 942 1416 exstet,
973 1353 1066 1395 unum
1090 1334 1254 1396 bdelium
1285 1334 1428 1396 Stilonem

256 1430 425 1508 significari.
453 1428 577 1490 Restant
591 1437 688 1490 tamen
705 1430 810 1507 singuli
826 1432 892 1514 loci,
903 1434 954 1511 quii
964 1450 1001 1491 ne
1013 1431 1159 1492 Schoellio
1175 1433 1293 1510 quidem
1304 1449 1429 1511 prorsus

256 1527 440 1588 dubitatione
473 1545 575 1588 carere
609 1528 763 1610 uidentur3
800 1529 835 1589 de
865 1527 973 1608 quibus
1001 1531 1108 1608 partim
1136 1531 1167 1589 in
1194 1531 1428 1608 fragmentorum

258 1625 415 1687 dubiorum
440 1627 547 1704 partim
567 1627 596 1686 in
616 1629 854 1687 testimoniorum
873 1627 1061 1688 adnotatione
1081 1645 1210 1705 agemus
1249 1627 1335 1698 Quod
1354 1645 1428 1688 uero

256 1717 448 1806 Merkeliusss)
477 1723 642 1802 contendit,
671 1723 841 1802 ubicunqne
870 1724 947 1804 apud
972 1724 1093 1784 Festum
1122 1731 1152 1784 et
1180 1723 1303 1784 Paulum
1327 1723 1427 1784 Aelius

255 1820 429 1900 simpliciter
454 1829 558 1902 exstet,
583 1839 648 1881 esse
673 1841 741 1882 eum
765 1821 863 1882 locum
887 1822 1076 1900 desumptum
1100 1839 1159 1881 non
1179 1840 1214 1881 ex
1234 1820 1310 1881 libro
1329 1821 1428 1901 aliquo

257 1920 330 1980 belii
350 1919 480 1999 Stilonis,
500 1919 550 1980 sed
570 1921 744 1999 exscriptis
764 1918 977 1999 discipulorum
993 1920 1066 1999 eius,
1085 1916 1226 1978 Varronis
1240 1918 1427 1996 potissimum

256 2025 285 2078 et
309 2018 416 2098 Cincii,
440 2020 512 2096 quain
536 2017 662 2077 tortasse
682 2017 822 2077 Varronis
846 2017 950 2098 soliuS,
973 2019 1013 2076 ita
1038 2018 1163 2095 accipio,
1188 2021 1220 2075 ut
1243 2013 1350 2094 Cincii,
1377 2018 1428 2094 qui

254 2116 380 2176 tortasse
398 2114 473 2175 Aelii
492 2114 655 2194 discipulus
674 2123 745 2196 erat,
765 2115 884 2192 scriptis
900 2113 1035 2174 Verrium
1055 2113 1102 2173 illa
1122 2112 1231 2172 debere
1248 2129 1335 2192 posse
1352 2112 1428 2172 arbi-

253 2220 326 2294 trer,
345 2213 382 2273 de
402 2212 533 2274 Varrone
553 2231 636 2295 uero,
655 2215 740 2274 cuius
760 2211 852 2272 libros
875 2211 911 2271 de
930 2211 999 2290 ling.
1019 2210 1080 2272 Lat.
1099 2209 1235 2270 Verrium
1254 2209 1427 2288 repudiasse

255 2313 312 2371 uiri
331 2311 411 2372 docti
431 2311 613 2372 contendunt
628 2346 671 2354 -
686 2329 721 2370 ex
740 2309 798 2371 illis
818 2312 896 2370 enim
911 2310 1035 2390 plurima
1051 2308 1125 2368 Aelii
1145 2309 1308 2386 fragmenta
1328 2316 1429 2369 essent

254 2410 404 2488 petita-
419 2409 504 2470 ualde
520 2409 714 2469 dubitem-
727 2409 830 2486 ltaque
845 2426 899 2467 nos
916 2406 1096 2468 Schoellium
1111 2407 1206 2466 secuti
1223 2399 1427 2488 ubicunqne4)

254 2506 327 2566 tetii
357 2525 464 2567 nomen
494 2513 576 2566 oerto
605 2504 759 2584 legebatur
782 2503 879 2565 locum
904 2505 986 2565 illum
1011 2507 1089 2564 inter
1109 2511 1189 2564 certa
1208 2501 1282 2562 Aelii
1306 2501 1427 2562 Stilonis

253 2604 416 2683 fragmenta
436 2603 618 2685 rettulimuS,
644 2603 752 2683 quibus
773 2605 861 2663 etiam
881 2622 931 2664 eos
951 2601 1116 2662 addidimus
1135 2599 1228 2679 locos,
1252 2598 1303 2659 ubi
1322 2601 1378 2658 etsi
1396 2602 1427 2660 in

254 2701 406 2762 codicibus
433 2697 569 2762 ‘laelius’
593 2709 702 2783 exstat,
725 2708 823 2762 tamen
853 2703 984 2762 omnium
1013 2702 1145 2761 uirorum
1175 2698 1329 2759 doctorum
1358 2719 1426 2759 con·

255 2818 344 2860 sensu
369 2798 400 2859 L.
420 2798 519 2859 Aelius
544 2798 694 2860 scribitur.

342 2895 453 2976 Restat,
477 2904 510 2957 ut
534 2899 637 2975 paucis
660 2896 846 2974 disputemus
869 2895 905 2955 de
929 2897 965 2955 iis
985 2899 1125 2974 quattuor
1145 2893 1326 2974 fragmentis,
1350 2912 1426 2973 quae

254 2993 414 3053 Varronem
440 3012 498 3054 non
523 3012 557 3053 ex
582 2992 665 3053 libris
690 2995 832 3074 magistri,
857 2993 906 3052 sed
928 3010 943 3052 e
963 2990 1117 3069 disciplina
1138 2991 1271 3051 hausisse
1291 2991 1427 3052 homines

256 3083 369 3173 docti⁵)
394 3085 650 3173 Heimbacbium⁶)
677 3093 771 3151 secuti
794 3092 936 3169 suspicati
960 3096 1030 3149 sunt
1052 3105 1116 3148 eam
1141 3088 1177 3148 ob
1198 3106 1325 3170 eausam,
1349 3090 1427 3168 quod

254 3187 312 3246 illis
339 3186 413 3247 locis
437 3187 527 3247 Varro
558 3207 616 3247 non
644 3187 728 3250 dicit:
752 3183 876 3248 ‘scribit
899 3189 1014 3260 Aeliae,
1039 3188 1084 3245 uit
1106 3185 1154 3259 A,
1174 3191 1265 3260 potat
1287 3180 1427 3265 A.',‚sed

258 3281 391 3346 ‘dicebat
409 3279 455 3344 Α.’
479 3283 527 3344 uel
551 3280 694 3363 ‘potabat
716 3280 770 3346 Α.’.
808 3285 846 3346 Et
869 3292 938 3346 sunt
961 3283 1003 3344 illi
1026 3283 1083 3342 loci
1106 3282 1142 3341 de
1165 3280 1234 3361 ling.
1254 3281 1315 3346 Lat.
1334 3283 1357 3342 V
1376 3281 1427 3346 66.

256 3379 330 3443 101.
358 3381 395 3446 Vl
415 3379 448 3462 l,
476 3381 517 3442 De
549 3401 572 3442 r.
597 3399 621 3442 r.
646 3381 684 3442 lll
711 3379 764 3464 12,
789 3376 846 3466 6⁷)
871 3410 912 3431 =
937 3384 972 3441 ir.
998 3375 1047 3440 15.
1079 3377 1127 3440 17.
1159 3376 1207 3440 18.
1242 3377 1293 3440 44.
1345 3381 1427 3450 Quae

255 3481 401 3539 sententia
427 3481 483 3538 etsi
507 3481 628 3538 minime
652 3480 779 3540 absurda
800 3487 852 3559 est,
872 3488 969 3538 tamen
989 3475 1093 3555 procul
1113 3475 1217 3536 abesse
1237 3485 1270 3537 ut
1289 3485 1369 3536 certa
1389 3479 1428 3538 sit

254 3577 402 3636 neminem
427 3574 522 3635 adhuc
546 3579 696 3636 monuisse
722 3580 791 3636 satis
816 3577 916 3636 miror.
953 3572 1055 3652 Neque
1079 3575 1157 3634 enim
1182 3573 1277 3633 solum
1301 3575 1331 3633 in
1350 3573 1427 3634 Aelii

254 3676 372 3734 nomine
398 3673 546 3732 allerendo
571 3675 670 3752 cuius,
699 3681 732 3732 ut
756 3674 888 3752 magistri
912 3673 970 3753 sui,
995 3671 1071 3732 dicta
1097 3689 1167 3731 sane
1191 3671 1297 3730 atlerre
1321 3671 1427 3752 potuit,

254 3771 345 3831 Varro
365 3769 413 3830 illa
428 3763 569 3850 loqnendi
588 3770 682 3830 lorma
701 3771 805 3851 utitur,
824 3770 873 3830 sed
895 3772 982 3831 etiam
1002 3768 1174 3829 incitandis
1193 3769 1229 3827 iis
1248 3766 1427 3849 bominibus,

256 3871 306 3948 qni
334 3870 390 3929 iam
416 3875 572 3945 antequam
597 3865 689 3926 Varro
714 3875 887 3929 nasceretur
911 3869 1021 3928 mortui
1045 3871 1141 3947 erant,
1172 3865 1220 3926 uel
1249 3873 1329 3926 certe
1353 3866 1436 3926 adeo*

255 3972 339 4028 erant
368 3972 462 4025 aetate
491 3967 675 4044 superiores,
704 3972 737 4025 ut
762 3983 830 4026 cum
854 3968 890 4026 iis
916 3983 983 4027 eum
1008 3962 1186 4024 collocutum
1212 3981 1277 4023 esse
1304 3965 1425 4024 minime

256 4067 295 4124 sit
324 4061 493 4123 uerisimile.
540 4061 589 4121 Sic
613 4061 649 4120 de
678 4060 695 4121 l.
720 4061 751 4122 L.
775 4062 826 4122 Vll
858 4061 900 4124 65
928 4063 1066 4142 legimus:
1091 4055 1266 4122 ‘quentius
1294 4064 1427 4122 comicus

329 4228 355 4296 1)
375 4223 490 4292 Teuffel,
509 4223 541 4278 R.
557 4221 650 4278 L.-t}.⁴
667 4241 695 4293 p.
711 4229 770 4278 397.
843 4228 869 4294 2)
888 4219 942 4277 XII
959 4223 1037 4277 tobb.
1056 4241 1083 4292 p.
1099 4227 1212 4278 27—30.
1295 4224 1322 4292 8)
1342 4223 1427 4278 Proll.

254 4307 284 4361 in
303 4305 354 4361 Ou.
370 4305 446 4358 Fosi.
465 4321 492 4372 p.
508 4302 562 4359 CV.
617 4305 647 4373 4)
663 4305 723 4358 Vno
737 4303 800 4358 loeo
815 4306 938 4373 excepto.
967 4303 1007 4358 cf.
1018 4302 1071 4374 frg.
1087 4303 1181 4372 spurio
1196 4310 1219 4357 t.
1279 4306 1306 4374 a)
1322 4301 1427 4358 Heusd.

256 4404 284 4455 p.
300 4390 342 4439 54.
376 4382 495 4438 Schoell.
514 4401 541 4452 p.
556 4388 591 4437 26
610 4383 672 4436 adn.
688 4389 712 4437 2.
746 4383 861 4452 Teuffel,
880 4385 911 4438 R.
926 4384 1017 4440 L.-G.⁴
1034 4401 1061 4452 p.
1077 4389 1137 4437 231.
1202 4383 1229 4451 6)
1245 4381 1286 4436 De
1301 4381 1330 4438 O.
1346 4381 1427 4438 aelio

257 4463 340 4520 Gallo
359 4462 433 4518 loto.
471 4462 534 4532 Lps.
557 4467 633 4518 1823.
652 4479 679 4530 p.
698 4468 740 4517 42.
815 4464 840 4532 7)
860 4462 1023 4520 Schneideri
1041 4463 1193 4519 editionem
1212 4460 1336 4517 adhibui.
