3254 5032
679 377 899 441 ‚25-

198 534 317 624 11138)
342 541 424 610 Aelii,
439 541 509 602 10011
532 543 714 602 mentionem
737 541 801 600 sine
825 539 915 602 dubio
932 539 1059 612 ,Varroni
1082 538 1180 621 debet,
1203 557 1292 618 quem
1312 557 1373 600 sae-

197 642 321 720 pissime
350 642 494 719 sequitur.
521 672 566 682 -
593 638 731 699 Nonius
759 656 819 698 nno
847 637 896 698 illo
923 637 1001 719 loco,
1030 637 1081 698 ubi
1105 636 1220 699 Aelium
1247 655 1373 698 comme-

198 747 303 818 morat,
327 757 342 798 a
366 736 498 798 Varrone
522 755 554 797 se
577 735 708 816 pendere
732 737 795 814 ipse
819 737 904 796 testis
928 729 1025 818 0011),
1048 753 1123 814 quae
1146 734 1266 796 Aeliana
1285 734 1375 796 habet

199 838 310 898 omisso
335 835 410 896 helii
433 837 552 896 nominc
576 828 620 918 (p.
637 831 676 896 18
699 833 741 894 Μ.
760 832 797 892 01.
816 832 881 893 adn.
901 832 936 893 ad
957 833 992 893 lr.
1011 825 1078 914 24),
1102 849 1135 892 00
1159 832 1208 892 001
1231 830 1266 892 ah
1288 832 1375 893 Pom-

200 936 395 1015 ponianarum
419 931 584 993 fabularum
607 934 771 1010 interprete
794 930 844 990 uel
867 948 883 991 e
907 932 1119 991 commentario
1144 929 1271 1010 quodam
1289 928 1374 990 Plau·

199 1035 262 1095 tino
290 1050 358 1092 enm
387 1033 550 1109 sumpsisse
575 1020 789 1108 Schmiotiusl)
813 1029 974 1089 contendit.
1002 1061 1046 1070 -
1079 1028 1160 1099 Quae
1185 1027 1374 1088 Charisius

199 1131 286 1190 affert
305 1127 422 1188 Aeliana
446 1146 483 1187 ex
502 1127 577 1188 libro
601 1129 666 1188 eius
689 1132 806 1204 sumpta
830 1144 895 1186 esse
919 1127 977 1186 iam
1001 1127 1188 1205 negauimus:
1212 1125 1374 1185 adiciamus

201 1236 300 1289 tamen
330 1245 363 1286 ea
395 1244 469 1306 quae
493 1226 506 1284 1
528 1244 556 1305 p.
578 1220 705 1305 129s30
727 1222 829 1304 hahet,
856 1222 987 1284 Pliniana
1015 1241 1081 1284 esse
1108 1230 1190 1284 reete
1218 1240 1234 1282 a
1258 1221 1374 1284 Schott-

200 1316 378 1406 mueller03)
402 1324 637 1384 demonstratum
661 1339 741 1402 esse;
763 1319 877 1380 Plinius
896 1322 969 1400 ipse,
989 1330 1022 1381 nt
1041 1322 1128 1382 docet
1147 1321 1272 1383 Charisii
1290 1321 1374 1381 locus

200 1443 229 1502 p.
246 1417 319 1501 125,
335 1419 357 1483 4
375 1420 482 1482 lulium
501 1420 667 1481 Modestum
687 1426 808 1480 secutus
827 1427 899 1478 erat.
918 1453 961 1460 -
981 1418 1076 1479 Vnum
1096 1419 1176 1497 quod
1195 1419 1273 1498 apud
1293 1417 1374 1478 Ser·

201 1522 300 1581 oium
324 1517 452 1578 Danielis
477 1527 573 1578 exstat
590 1516 664 1578 Aelii
688 1518 886 1599 fragmentum
906 1508 955 1596 (ad
972 1516 1104 1596 Georg.l
1125 1511 1181 1598 75)
1201 1518 1264 1577 sine
1284 1515 1374 1576 dnbio

201 1625 354 1696 sumptum
377 1623 423 1676 est
442 1634 478 1675 ex
492 1614 632 1675 Varronis
647 1613 722 1674 libro
738 1613 864 1692 quodam
884 1613 920 1672 do
939 1613 1039 1693 lingua
1053 1614 1141 1674 latina
1156 1614 1242 1674 nobis
1257 1617 1373 1676 amisso.

200 1749 245 1758 -
264 1713 346 1784 Quae
365 1713 527 1773 lsidorus
548 1711 638 1772 uerba
659 1712 745 1772 affert
759 1709 878 1771 Aeliana
896 1711 932 1768 ad
947 1709 1107 1773 Varronem
1123 1713 1220 1773 redire
1236 1711 1374 1773 Goetzius

93 1843 101 1856 ·
202 1807 316 1891 (philol.
329 1808 541 1870 Wochenschr.
558 1806 653 1890 1886,
676 1827 721 1868 nr.
740 1803 792 1882 25,
815 1825 844 1886 p.
865 1804 942 1890 742)
967 1808 1129 1869 uerisimile
1153 1810 1232 1870 lecit.
1251 1844 1294 1850 —
1314 1809 1372 1869 lam

201 1909 299 1970 omnia
323 1905 569 1986 complectamur:
592 1906 758 1966 diutissime
783 1904 924 1965 uidentur
947 1906 1101 1967 durauisse
1126 1907 1200 1967 Aelii
1227 1925 1373 1967 commen-

199 2009 293 2068 tarius
315 2005 351 2065 de
370 2004 534 2084 proloquiis
555 2011 584 2064 et
603 2005 803 2083 recensiones,
823 2021 895 2081 quas
915 2003 1082 2065 adornauit:
1106 2005 1160 2064 hos
1180 2006 1260 2066 enim
1278 2004 1372 2064 libros

199 2103 312 2164 Cellius
332 2111 360 2163 et
375 2102 486 2161 Fronto
505 2103 708 2178 inspexerunt.
741 2099 1019 2179 luterpretationem
1035 2104 1200 2163 carminum
1215 2101 1371 2163 Saliarium

199 2209 269 2282 post
284 2200 421 2261 Verrium
436 2198 575 2258 Flaccum
596 2216 681 2258 nemo
706 2198 826 2258 uidetur
850 2199 1030 2280 adhibuisse,
1048 2199 1140 2260 libros
1165 2200 1374 2280 etymologicos

198 2308 370 2380 postremus
397 2294 510 2355 Plinius
533 2297 669 2373 inspexit.
713 2294 752 2356 Et
775 2294 888 2355 indices
911 2295 1007 2357 Plauti
1034 2301 1091 2358 iam
1118 2306 1188 2378 post
1212 2298 1373 2358 Varronem

198 2395 341 2456 uidentur
370 2395 537 2453 euannisse.
573 2391 666 2451 blaior
689 2393 780 2469 igitur
809 2395 873 2452 eius
896 2393 1040 2456 librorum
1064 2414 1134 2474 pars
1157 2404 1225 2475 post
1247 2395 1374 2476 Augusti

198 2493 334 2554 Caesaris
354 2500 485 2570 tempora
507 2508 564 2551 non
584 2490 634 2550 diu
659 2491 689 2548 10
709 2508 765 2550 usu
785 2490 877 2551 luisse
897 2491 1025 2575 uidetur,
1049 2493 1078 2552 id
1099 2493 1177 2572 quod
1197 2496 1261 2553 sine
1281 2493 1371 2554 dnbio

198 2589 309 2650 accidit
331 2595 455 2668 propter
479 2587 570 2648 libros
594 2587 734 2647 Varronis
743 2581 770 2667 4)
795 2597 825 2649 et
848 2588 957 2671 Verrii,
987 2592 1038 2669 qui
1066 2591 1184 2652 easdem
1212 2609 1274 2673 res,
1298 2610 1374 2670 quas

198 2688 288 2769 Stilo,
313 2687 364 2746 scd
389 2687 538 2764 copiosius
562 2694 604 2766 et,
629 2687 661 2744 ni
683 2684 780 2766 lallor,
805 2689 894 2746 etiam
918 2686 1082 2766 elegantius
1105 2688 1278 2750 tractabant.

698 2925 814 3002 Capul
831 2928 881 2989 lV.

413 3047 471 3111 De
494 3046 536 3111 L.
556 3047 666 3112 Aelii
691 3045 866 3112 Stilonis
889 3047 1157 3130 fragmentis,

290 3167 535 3245 Fragmentorum
549 3167 723 3244 priusquam
737 3165 841 3227 demus
857 3176 1059 3249 conspectum,
1074 3187 1166 3246 panca
1181 3170 1372 3247 praemittere

198 3272 319 3344 oportet
333 3265 369 3324 de
384 3266 578 3344 rationeque
594 3263 702 3341 singuli
717 3266 879 3343 scriptores
894 3266 924 3324 in
940 3265 1117 3325 nominando
1133 3273 1254 3326 auctore
1270 3274 1372 3326 nostro

199 3365 248 3423 nsi
267 3370 344 3422 sunt.
380 3360 453 3420 Nam
473 3378 540 3420 cum
562 3360 662 3439 plures
682 3360 784 3421 eodem
805 3362 867 3422 lere
889 3369 1023 3440 tempore
1043 3365 1212 3422 exstiterint
1229 3361 1304 3422 Aelii
1323 3362 1372 3423 001

198 3460 302 3540 plores
322 3458 358 3518 ah
382 3457 486 3518 iisdem
507 3457 703 3536 scriptoribus
727 3458 849 3518 adhibiti
873 3460 941 3538 sint,
964 3460 998 3539 01,
1022 3466 1055 3518 01
1074 3476 1161 3538 saepe
1181 3459 1223 3540 fit,
1242 3454 1372 3522 ‘Aelius'

201 3558 299 3618 solum
311 3557 445 3637 legimus,
464 3563 565 3615 utrum
580 3566 690 3639 noster,
705 3576 741 3618 00
759 3556 856 3616 delius
871 3555 979 3638 Gallus,
998 3575 1034 3615 an
1051 3555 1204 3636 8101100,
1221 3576 1257 3617 an
1272 3557 1372 3618 Aelius

199 3654 320 3715 Tubero
331 3652 548 3731 intellegendus
558 3656 605 3733 011,
619 3671 707 3731 saepe
723 3656 932 3716 nescimus-
947 3656 1042 3732 Atque
1059 3654 1109 3714 nbi
1123 3654 1200 3732 apud
1211 3653 1372 3714 Varronem

200 3751 302 3811 helius
321 3757 578 3828 commemoratur,
598 3751 655 3808 etsi
668 3752 699 3808 in
713 3751 898 3830 interpolatis
913 3752 996 3812 libris
1013 3751 1188 3831 plerumque
1209 3770 1371 3829 cognomen

201 3848 302 3908 Gallus
326 3847 508 3926 adscriptum
532 3853 586 3928 001,
609 3848 672 3906 0100
697 3846 786 3906 dnbio
811 3865 928 3926 semper
949 3850 1090 3926 magister
1109 3849 1174 3908 eius
1194 3847 1267 3909 Stilo
1286 3850 1371 3910 intel-

200 3945 346 4024 legendos
369 3938 456 4027 est⁵)‚
479 3943 509 4003 id
533 3944 610 4022 quod
635 3945 724 4003 etiam
747 3946 919 4024 fragmentis
939 3946 1140 4007 confirmatur.
1173 3945 1274 4008 Aelius
1292 3949 1371 4007 enim

276 4142 301 4210 1)
320 4140 384 4210 Frg.
400 4145 442 4194 29.
514 4144 542 4210 2)
561 4141 603 4194 De
622 4141 707 4195 Nonii
725 4141 854 4196 Marcelli
872 4141 1033 4198 auctoribus
1052 4159 1169 4211 gramm.
1207 4144 1271 4212 Lps.
1293 4150 1370 4200 1868.

199 4240 228 4291 p.
246 4227 305 4274 141.
330 4220 461 4274 0110017
481 4222 510 4275 et
527 4226 570 4274 48.
650 4225 676 4290 3)
699 4221 740 4278 De
760 4223 789 4277 C.
803 4221 889 4277 Plinii
907 4222 1026 4277 Secundi
1044 4222 1124 4276 libris
1143 4239 1259 4293 gramm.
1305 4226 1371 4295 Lps.

201 4307 280 4368 1858.
299 4319 326 4370 p.
342 4306 384 4354 39.
497 4303 525 4370 4)
540 4299 580 4358 ef.
600 4302 769 4371 Nellleship,
788 4302 880 4358 Iourn.
899 4303 930 4358 of
946 4302 1091 4372 philology
1109 4301 1159 4356 XV
1178 4321 1205 4372 p.
1223 4309 1281 4358 190.

201 4384 228 4450 5)
263 4379 303 4436 ef.
332 4379 360 4435 L.
387 4379 530 4449 Spengelii
557 4381 644 4449 prael.
672 4383 708 4437 ad
732 4381 811 4436 Varr.
838 4383 872 4437 de
904 4381 972 4453 ling.
1000 4382 1060 4440 Lat.
1087 4381 1223 4436 librorum
1255 4383 1370 4440 edition.
