3254 5032
757 319 976 382 -16-

282 477 401 538 uidetur
424 495 504 560 osse,
528 480 620 560 quod,
644 483 669 540 si
692 488 773 540 totus
795 480 844 541 ille
868 481 1026 558 Augustini
1054 481 1137 543 locus
1160 501 1283 544 reuera
1308 483 1449 546 Varronis

286 583 342 655 est,
356 573 447 634 Varro
462 574 515 635 lias
531 575 698 638 Stoicorum
719 580 889 657 sententias,
908 580 965 639 etsi
984 587 1014 638 et
1032 580 1096 658 ipse
1111 579 1240 641 Graecos
1259 582 1356 642 sontes
1375 583 1456 642 adire

286 689 345 732 non
374 673 556 754 supersedit,
585 683 682 736 tamen
716 677 779 734 sine
808 674 898 734 dubio
927 694 1031 754 magna
1059 695 1095 736 ex
1128 686 1212 756 parte
1236 681 1377 757 magistro
1400 697 1456 740 suo

285 769 401 852 debuit,
432 772 510 832 unde
544 772 687 833 Stilonem
724 773 823 850 ipsum
859 773 896 833 de
924 772 982 832 illis
1009 772 1101 834 mrrlta
1138 793 1239 836 secum
1268 779 1455 854 reputauisse

284 871 428 948 sequitur.

372 967 432 1027 lam
451 975 485 1027 ut
503 967 616 1029 relictis
631 968 706 1028 Aelii
725 967 832 1028 studiis
851 967 1053 1046 etymologicis
1069 969 1105 1028 de
1125 972 1168 1030 eis
1183 971 1288 1030 fiamus
1302 974 1455 1051 certiores,

284 1081 359 1140 quae
383 1064 419 1122 ad
442 1064 557 1126 litteras
581 1074 611 1125 et
634 1066 825 1143 antiquitates
849 1066 1030 1146 spectabant,
1053 1075 1172 1146 praeter
1196 1067 1380 1149 Ciceronem,
1403 1072 1454 1146 qui

284 1179 352 1220 eum
376 1161 393 1222 l.
414 1181 438 1222 c.
458 1163 692 1224 eruditissimum
713 1171 742 1222 et
757 1161 877 1222 Graecis
896 1161 1003 1223 litteris
1023 1174 1052 1224 et
1070 1163 1183 1224 Latinis
1203 1167 1342 1246 nominat,
1366 1167 1455 1226 etiarn

287 1257 378 1318 Varro
402 1256 556 1320 adeundds
580 1270 639 1340 est,
663 1261 714 1338 qui
737 1253 774 1318 de
797 1259 815 1319 l.
834 1257 896 1320 Lat.
916 1258 965 1318 Vll
986 1258 1006 1320 2
1030 1279 1099 1320 eum
1122 1264 1152 1321 in
1175 1264 1272 1340 primo
1296 1265 1325 1322 in
1349 1262 1457 1322 litteris

284 1355 395 1416 latinis
419 1360 613 1419 exercitatum
636 1364 667 1417 et
689 1358 721 1416 in
739 1374 840 1416 rerum
860 1355 952 1418 diuin.
966 1356 1016 1416 lib.
1031 1355 1112 1417 Xllll
1135 1351 1221 1441 (Geli.
1237 1359 1253 1433 l,
1269 1354 1324 1439 18)
1347 1358 1456 1418 litteris

285 1456 506 1514 ornatissimum
529 1456 610 1515 dicit.
659 1454 742 1516 ldem
762 1454 874 1516 Gellius
898 1447 1002 1536 (1113,
1024 1452 1063 1514 12
1087 1481 1129 1504 =
1153 1463 1221 1518 test.
1242 1453 1296 1534 14)
1323 1463 1457 1516 testatur.

283 1549 364 1620 Quae
388 1554 486 1611 omnia
506 1553 580 1614 Aelii
600 1555 651 1632 qni
675 1561 945 1614 commemorantur
968 1551 1111 1612 librorum
1135 1553 1230 1613 titulis
1249 1563 1278 1612 et
1297 1554 1456 1631 praecipue

285 1649 458 1727 fragmentis
482 1652 607 1710 maxime
632 1653 853 1711 confirmantur.
890 1648 928 1709 Et
946 1650 983 1709 de
1002 1649 1089 1710 libris
1108 1652 1172 1710 eius
1191 1658 1259 1729 post
1278 1649 1455 1730 uidebimus,

284 1747 447 1826 fragmenta
471 1766 553 1828 uero,
577 1766 651 1826 quae
676 1754 862 1827 manserunt,
890 1746 925 1806 ad
955 1747 1175 1808 diuersissimos
1198 1755 1334 1825 spectant
1357 1755 1387 1806 et
1409 1747 1456 1808 lit-

286 1852 417 1905 terarum
442 1856 471 1905 et
493 1847 573 1907 uitae
597 1846 742 1905 humanae
765 1843 856 1904 locos.
901 1842 945 1904 Ex
969 1846 1011 1904 eis
1035 1846 1127 1924 enim,
1156 1863 1230 1923 quae
1254 1847 1318 1906 sine
1341 1842 1455 1904 dubita-

283 1943 363 2002 tione
393 1943 421 2002 ei
449 1961 609 2021 possumus
633 1942 801 2022 uindicare,
828 1960 936 2003 nouem
961 1941 1118 2022 habemus,
1142 1960 1216 2020 quac
1249 1949 1384 2020 spectant
1407 1941 1455 2002 uel

284 2048 419 2117 spectare
439 2041 580 2101 uidentur
599 2041 633 2100 ad
654 2042 783 2100 carmina
799 2039 929 2118 Saliaria,
953 2047 1093 2117 quattuor
1110 2057 1183 2118 quae
1203 2039 1238 2098 ad
1259 2037 1312 2098 Xll
1331 2038 1455 2118 tabulas,

284 2136 343 2196 duo
373 2154 446 2215 quae
475 2135 510 2194 ad
535 2138 700 2216 Afranium,
728 2153 822 2195 unuin
851 2134 930 2212 quod
959 2135 994 2194 ad
1019 2130 1198 2217 Cassium),
1230 2138 1286 2196 tria
1315 2155 1390 2215 quae
1419 2135 1454 2195 ad

284 2233 440 2313 Catonem,
464 2235 523 2294 duo
548 2252 622 2314 qliae
646 2233 682 2292 ad
705 2232 849 2312 Ennium,
873 2231 932 2292 duo
956 2251 1032 2311 quae
1056 2232 1091 2292 ad
1115 2232 1275 2312 Lucilium,
1299 2235 1354 2294 tria
1379 2251 1454 2311 quae

285 2331 319 2390 ad
352 2327 529 2414 Plautum.²)
574 2331 628 2392 His
656 2332 748 2409 igitur
777 2331 874 2408 poetis
903 2348 1022 2409 operam
1054 2329 1136 2390 dedit
1165 2328 1316 2409 omnibus3
1350 2330 1453 2390 Plauto

284 2438 382 2488 tamen
413 2447 482 2488 eum
512 2432 637 2490 maxime
669 2427 819 2488 studuisse
852 2428 1013 2491 uerisimile
1044 2429 1077 2488 lit
1105 2437 1134 2488 et
1158 2446 1208 2507 eo,
1239 2427 1317 2506 quod
1341 2428 1454 2489 indices

284 2526 436 2586 Plautinos
459 2529 627 2605 composuit
650 2521 700 2606 (de
725 2524 833 2604 quibus
852 2524 929 2584 inira
948 2519 1075 2606 agetur),
1095 2536 1179 2586 etex
1199 2525 1372 2595 Quintiliani
1389 2525 1454 2586 loco

284 2621 355 2682 lust.
370 2641 413 2683 or.
427 2622 484 2704 Xl,
498 2621 540 2684 99
558 2651 600 2672 ==
615 2629 682 2682 test.
700 2619 750 2702 19,
767 2641 825 2700 quo
840 2621 956 2683 Aelium
975 2623 1126 2682 censuisse
1142 2622 1215 2681 dicit
1230 2617 1348 2682 ‘Musas
1364 2624 1453 2682 Plou-

285 2724 347 2780 tr'no
379 2738 516 2782 sermone
548 2725 704 2781 locuturos
734 2719 844 2800 sedec,
875 2724 904 2780 si
930 2720 1038 2782 Latiae
1065 2723 1148 2794 loqui
1173 2713 1309 2780 uellent'.
1350 2718 1387 2778 Et
1417 2720 1453 2779 de

285 2817 427 2877 Ennianis
451 2821 514 2879 eius
537 2819 642 2880 studiis
661 2826 780 2896 praeter
799 2817 962 2894 fragmenta
982 2819 1066 2878 testis
1085 2825 1131 2875 est
1149 2815 1259 2876 Gellius
1280 2811 1328 2898 (N.
1348 2816 1381 2877 A.
1400 2814 1453 2874 llll

284 2912 314 2987 4,
334 2913 355 2974 5
375 2943 416 2964 ==
436 2924 503 2977 test.
522 2911 588 2999 24).
1241 2989 1246 3016 ί
1303 2995 1305 3000 ¹

373 3012 467 3072 Verba
491 3033 574 3094 uero,
598 3032 672 3093 quae
696 3013 797 3074 Aelius
821 3011 877 3072 sibi
901 3009 1071 3090 explicanda
1096 3015 1260 3093 proposuit,
1286 3014 1350 3072 siue
1375 3011 1454 3072 unde

285 3120 401 3189 sumpta
430 3114 490 3171 sint
514 3114 623 3173 scimus
651 3114 716 3172 sinc
740 3111 902 3184 nescimus,
930 3119 964 3169 ut
992 3112 1050 3170 iarn
1078 3108 1218 3190 diximus,
1248 3110 1283 3169 ad
1313 3108 1454 3170 diuersis·

286 3212 375 3268 simas
394 3212 472 3269 uitae
491 3208 636 3269 humanae
655 3209 845 3270 condiciones
864 3215 1007 3286 spectare,
1031 3195 1209 3285 conspectus
1228 3225 1341 3287 eorum,
1365 3224 1454 3284 quem

286 3324 366 3366 nunc
390 3307 562 3388 subicimus,
585 3305 735 3368 ostendet:

377 3399 410 3482 l)
442 3405 488 3466 di:
527 3407 648 3485 Mones,
682 3405 821 3475 Maniae,
854 3405 930 3464 Dias
962 3405 1081 3482 Fidius,
1114 3404 1300 3478 Nouensiles,
1335 3404 1453 3463 Panda.

286 3497 321 3582 2)
351 3502 526 3563 homines:
552 3505 673 3577 nebulo,
698 3504 901 3578 petauristoe,
925 3504 1019 3574 latro,
1042 3503 1138 3574 miles,
1162 3503 1354 3582 ordinarius,
1378 3503 1453 3560 ossi-

286 3603 372 3660 duus.
408 3595 444 3680 3)
468 3619 524 3660 res
544 3617 681 3660 sacrae:
705 3606 883 3671 monstrum,
905 3600 1043 3672 notitiae,
1063 3600 1210 3673 obstitum,
1229 3597 1352 3672 refrico
1367 3597 1453 3674 sodo,

286 3699 389 3757 Saliae
407 3700 553 3772 uirptnes,
572 3698 730 3770 subucula,
749 3697 883 3756 uictima.
917 3689 953 3775 4)
973 3713 1031 3754 res
1049 3695 1246 3754 naturales:
1270 3699 1347 3770 aloe,
1362 3699 1455 3770 lepus,

286 3797 380 3868 mino,
404 3798 515 3870 uolpes.
556 3786 591 3873 5)
610 3811 667 3852 res
686 3793 840 3852 rustica:
860 3795 981 3852 triones.
1019 3787 1053 3872 6)
1078 3790 1341 3869 supellectiles:
1357 3796 1452 3868 porti-

286 3894 396 3966 sculus,
420 3894 558 3964 uniones,
582 3908 726 3950 uoeerro.
765 3884 798 3970 t)
822 3890 1041 3951 alimentum:
1061 3889 1229 3964 myrrhino.
1267 3883 1301 3969 8)
1324 3887 1401 3948 loca
1420 3897 1454 3949 et

287 4006 374 4066 quae
403 3989 438 4047 in
461 3987 516 4046 his
540 3994 636 4048 sunt:
669 3995 768 4061 terro,
792 3991 922 4060 coetum,
947 3989 1090 4064 tumulus,
1112 3986 1232 4044 sobrius
1259 3988 1361 4065 utens,
1380 4004 1452 4062 pro·

286 4087 411 4161 cestria,
432 4087 570 4162 particuli.
617 4078 652 4164 9)
676 4083 802 4145 morbi:
830 4084 1146 4159 succrescentem,
1168 4081 1302 4144 sonticus
1324 4084 1453 4144 morbus.

359 4305 385 4368 1)
408 4299 450 4353 An
475 4299 608 4354 Accium?
640 4301 674 4355 of.
699 4299 780 4356 Ribb.
805 4303 839 4355 tr.
863 4297 893 4352 fr.
914 4299 972 4352 Att.
992 4301 1080 4368 prael.
1100 4304 1133 4352 41
1158 4317 1185 4367 p.
1204 4303 1265 4352 285.
1356 4301 1383 4366 2)
1412 4298 1454 4353 cf.

287 4377 468 4446 Leidolph‚
488 4379 523 4432 de
541 4378 617 4434 Festi
637 4381 666 4433 et
684 4379 764 4433 Pauli
783 4379 851 4433 locis
870 4377 1007 4433 Plautinis
1027 4395 1052 4448 p.
1072 4383 1123 4432 208
1143 4379 1205 4432 adn.
