3254 5032
693 383 885 448 ..5-

208 547 339 608 nondum
368 542 491 627 exstat),
525 547 639 608 uidebit
667 547 860 608 Muratorium
889 547 996 626 legisse
1025 543 1277 624 ‘proecouniae':
1302 549 1379 609 unde

207 654 267 706 tota
291 647 369 707 cadit
392 645 503 705 Osanni
527 650 682 707 sententia.
722 646 798 716 Quid
820 647 900 706 enim
922 645 1117 706 uerisimilius
1140 664 1228 723 quam
1252 649 1379 725 operarii

207 743 280 803 uitio
309 736 550 819 ‘praeconcioe'
578 743 759 821 insculptum
789 761 854 803 esse
883 761 937 820 pro
961 738 1223 819 ‘praeconiuce'l
1248 777 1286 786 —
1320 744 1378 804 Sed

206 847 277 899 strnt
301 842 388 900 etiam
411 840 484 900 aliae
509 858 614 901 causae
638 858 692 899 cur
711 841 890 900 nouissimos
909 840 1045 900 Suetonii
1063 840 1193 901 editores
1214 844 1378 902 rectissime

206 935 383 996 Beroaldum
407 948 525 998 secutos
545 931 785 998 ‘Praeconinus’
811 938 976 997 restituisse
996 945 1107 1016 putem.
1148 937 1281 998 Primum
1300 941 1379 998 enim

206 1036 303 1094 omnia
319 1035 368 1094 uel
382 1044 463 1095 certe
479 1035 605 1114 plurima
621 1036 738 1093 nomina
753 1037 954 1114 patronymica
969 1037 999 1094 in
1015 1030 1115 1095 ‘inus'
1130 1043 1249 1116 exeunt,
1265 1035 1378 1096 nullum

185 1134 235 1208 ,in
247 1127 321 1192 ‘ios'
333 1125 385 1214 (cl.
400 1132 559 1211 Ellendt,
574 1132 611 1192 de
626 1150 709 1210 cogn.
725 1140 755 1192 et
769 1150 834 1210 agn.
845 1132 978 1192 Romano
993 1152 1021 1211 p.
1034 1131 1075 1193 72
1086 1151 1158 1212 sqq,
1173 1133 1379 1214 Mommsen,

207 1227 326 1298 eraest.
343 1228 425 1290 llom.
444 1251 473 1310 p.
487 1227 539 1311 45,
564 1232 614 1308 qui
638 1231 758 1289 omnino
782 1232 958 1308 cognomina
977 1239 1065 1309 negat
1084 1233 1233 1291 exstitisse
1253 1234 1378 1309 quaein

207 1322 290 1387 ‘ius'
315 1322 444 1409 exeant).
482 1327 602 1408 Deinde,
626 1334 659 1387 ut
685 1327 808 1387 Rothius
828 1320 889 1410 (ed.
909 1327 989 1387 Suet.
1009 1347 1037 1406 p.
1052 1321 1170 1410 LXVII)
1188 1337 1270 1387 recte
1289 1329 1377 1388 adno-

204 1427 292 1504 tauit,
321 1425 397 1502 apud
422 1424 549 1485 Plinium
573 1423 689 1484 duobus
717 1423 790 1484 locis
819 1423 853 1483 H.
875 1423 909 1484 N.
932 1423 1052 1484 XXXIII
1076 1422 1118 1485 29
1148 1435 1178 1485 et
1201 1424 1334 1486 XXXVII
1357 1425 1377 1488 9

204 1515 327 1604 (test3
352 1531 381 1582 et
406 1517 446 1604 t)
474 1523 602 1601 legimus
633 1517 774 1582 ‘Stilonis
802 1515 1005 1582 Praeconiot'
1029 1540 1125 1599 neque
1153 1521 1213 1581 illis
1239 1521 1312 1582 locis
1340 1523 1376 1583 de

203 1619 331 1679 lectione
360 1619 490 1680 dubitari
516 1628 628 1699 potest,
659 1628 689 1679 et
716 1619 794 1698 apud
818 1618 973 1678 Gaesarem
1001 1613 1142 1701 (debell.
1166 1618 1237 1680 Gall.
1260 1614 1377 1703 11120)

202 1716 317 1794 legatus
352 1718 469 1796 quidam
505 1726 754 1778 commemoratur
787 1718 905 1776 nomine
933 1717 1048 1776 Lucius
1079 1717 1217 1776 Valerius
1245 1719 1376 1778 Praeco-

202 1817 308 1890 ninus,
337 1833 396 1893 quo
424 1813 489 1874 loco
518 1833 578 1874 non
607 1818 705 1875 minus
734 1833 821 1893 quam
850 1817 881 1873 in
908 1813 1050 1872 Plinianis
1078 1817 1182 1892 optimi
1205 1815 1323 1876 codices
1346 1820 1375 1876 in

203 1906 444 1972 ‘Praeconinus’
469 1915 668 1972 consentiunt.
705 1912 807 1990 Itaque
831 1912 868 1971 de
891 1912 948 1971 hoc
972 1913 1146 1989 cognomine
1171 1912 1300 1974 dubitari
1323 1917 1375 1974 mi-

202 2010 281 2068 nime
304 2017 411 2086 potest.
437 2043 477 2052 —-
506 2007 587 2068 ldem
611 2009 748 2069 Osannus
773 2012 901 2090 quaerit,
923 2010 1074 2087 quomodo
1099 2009 1208 2070 lactum
1232 2013 1279 2092 sit,
1304 2021 1337 2072 nt
1360 2032 1375 2072 a

107 2147 121 2160 ,
203 2109 359 2184 praeconis
378 2107 484 2186 officio,
505 2105 582 2184 quod
603 2108 634 2165 in
652 2106 871 2167 honestissimis
890 2107 959 2167 olim
978 2125 1037 2167 non
1057 2110 1096 2167 sit
1114 2107 1255 2188 habitum,
1275 2109 1375 2170 letius

202 2203 382 2282 appellatum
402 2221 433 2262 se
450 2221 508 2262 non
524 2203 699 2282 dedignatus
714 2207 760 2264 sit.
794 2203 850 2264 Sed
866 2205 939 2265 haec
959 2207 1101 2286 quaestio,
1116 2206 1151 2265 de
1167 2225 1224 2284 qua
1239 2207 1375 2269 Osannus

202 2301 218 2362 l.
239 2301 255 2361 l.
280 2301 420 2360 nonnulla
444 2319 568 2379 prorsus
587 2294 765 2383 peruersel)
789 2302 960 2382 disputauit,
984 2302 1120 2363 facillime
1141 2306 1183 2364 sic
1202 2305 1374 2386 explicatur,
1457 2301 1461 2312 ¹

200 2408 235 2458 ut
254 2399 386 2458 dicamus
406 2416 580 2479 praecones,
599 2401 655 2458 etsi
674 2417 797 2460 munere
818 2399 1017 2477 iungebantur
1037 2403 1134 2461 minus
1153 2401 1279 2463 honesto
1299 2396 1374 2486 (Cio.

201 2515 255 2574 pro
271 2496 389 2566 Quinct.
400 2493 452 2575 31,
463 2489 530 2576 95),
549 2503 657 2570 tamen,
677 2497 823 2574 siquidem
842 2496 949 2557 urbani
964 2506 1048 2558 erant
1062 2497 1206 2578 homines,
1225 2517 1241 2559 a
1255 2503 1374 2562 nemine

202 2592 315 2652 urbano
345 2593 516 2671 repudiatos
540 2611 614 2654 esse.
657 2592 699 2653 el.
723 2593 782 2656 Cio.
801 2594 883 2656 Brut.
907 2592 1053 2675 46‚'172.
1076 2593 1222 2676 43‚160.
1245 2599 1282 2658 de
1301 2607 1374 2659 orat.

202 2689 228 2748 ll
253 2687 305 2769 60,
329 2686 402 2749 244.
435 2687 485 2771 70,
509 2688 583 2751 281.
625 2689 727 2769 Itaque
751 2692 865 2752 lelium
889 2694 1017 2752 nominis
1039 2711 1057 2752 a
1080 2703 1163 2771 patre
1187 2698 1301 2774 accepti
1321 2715 1373 2775 pu-

199 2787 300 2846 duisse
324 2805 384 2846 non
408 2787 589 2848 credendum
614 2795 672 2868 est,
696 2806 803 2870 neque,
826 2792 851 2848 si
875 2807 943 2850 eum
964 2790 1129 2871 puduisset,
1153 2792 1313 2870 quidquam
1338 2813 1372 2853 eo

201 2886 361 2944 effecisset:
381 2893 462 2944 recte
482 2887 562 2944 enim
580 2885 780 2946 Mommsenus
795 2882 930 2967 (Quaest.
945 2887 1028 2947 llom.
1043 2887 1056 2947 I
1074 2907 1102 2967 p.
1116 2885 1159 2948 43
1180 2899 1209 2949 et
1222 2885 1281 2972 44)
1302 2892 1373 2952 dicit

200 2981 292 3042 inulta
314 2981 406 3041 fuisse
431 2985 614 3064 cognomina,
638 2982 746 3061 quibus
767 2987 801 3064 is,
826 2987 877 3062 qui
901 2987 944 3044 eis
963 2993 1044 3045 esset
1062 2985 1227 3066 praeditus,
1250 2991 1372 3050 minime

199 3078 350 3156 gauderet.
396 3079 508 3139 Tamen
531 3079 586 3140 lrac
610 3084 783 3158 quaestione
808 3084 895 3142 etiam
920 3084 1046 3142 certiora
1071 3084 1158 3162 fiunt,
1187 3103 1262 3162 quae
1284 3095 1371 3147 antea

198 3176 260 3236 din
282 3176 319 3235 de
343 3186 428 3254 patre
452 3177 574 3237 Stilonis
597 3180 653 3238 iam
677 3178 734 3238 hoc
759 3181 933 3258 cognomine
957 3187 1069 3240 ornato.
1113 3179 1198 3250 Quod
1222 3185 1247 3241 si
1270 3187 1371 3265 gessit,

198 3280 280 3333 certe
300 3273 422 3333 honoris
437 3293 523 3334 causa
539 3284 702 3355 acceperat,
720 3276 799 3335 unde
814 3283 875 3336 tota
890 3276 1000 3336 Osanni
1016 3277 1149 3356 quaestio
1165 3278 1313 3340 dilabitur.
1331 3314 1367 3324 —

198 3370 358 3430 Alterum
375 3373 466 3449 igitur
481 3372 553 3432 delii
574 3391 789 3454 cognomen,
805 3373 887 3446 Stilo,
907 3375 975 3434 inde
994 3384 1095 3435 natum
1111 3384 1174 3435 erat
1189 3371 1288 3450 ‘quod
1299 3395 1371 3438 oro-

197 3471 292 3528 te‘ones
315 3469 497 3529 nobilissimo
521 3472 631 3544 cuique
653 3471 792 3530 scribere
814 3466 946 3532 soledat'
971 3465 1067 3553 (Suet.
1093 3472 1110 3532 l.
1134 3467 1176 3553 l).
1218 3473 1311 3544 Quam
1332 3475 1370 3534 ob

197 3583 316 3625 causam
340 3563 505 3626 Ellendtius
533 3569 564 3626 in
592 3567 810 3626 dissertationis
834 3587 922 3646 quam
946 3588 1037 3647 supra
1060 3569 1177 3631 laudaui
1200 3589 1227 3648 p.
1247 3568 1289 3631 48
1313 3571 1369 3630 hoc

197 3680 306 3722 nomen
334 3663 427 3723 refert
454 3665 533 3722 inter
562 3667 737 3742 cognomina
765 3666 915 3728 historica.
961 3666 999 3727 Et
1021 3666 1190 3727 hominibus
1219 3666 1369 3729 nobilibus

196 3761 345 3820 orationes
369 3779 437 3821 eum
462 3762 617 3839 scripsisse
636 3761 739 3822 Cicero
764 3782 881 3843 quoque
905 3767 990 3825 testis
1009 3774 1054 3824 est
1073 3759 1169 3844 (Brut.
1188 3761 1240 3844 56,
1255 3761 1320 3825 205
1339 3774 1369 3825 et

196 3857 262 3920 206
286 3885 328 3907 =
348 3868 415 3920 test.
436 3853 499 3940 11).
545 3858 587 3918 lle
611 3858 719 3937 qulbus
743 3862 927 3923 orationibus
950 3862 1026 3921 inira
1050 3862 1240 3923 disseremus.

286 3955 434 4016 Gentem
457 3956 591 4016 Aeliam
614 3956 760 4018 illustrem
784 3959 884 4038 luisse,
909 3959 961 4018 sed
984 3958 1139 4040 plebeiam,
1162 3961 1240 4020 inter
1263 3979 1367 4021 omnes

197 4061 300 4113 notum
315 4062 375 4134 est3
395 4064 494 4113 tamen
509 4055 656 4132 quomodo
673 4064 775 4116 noster
790 4074 858 4116 cum
873 4059 981 4116 ceteris
995 4057 1086 4116 Aeliis
1101 4065 1134 4117 ut
1148 4057 1366 4133 Tuberonibus,

195 4149 302 4229 Paetis,
321 4151 409 4229 (latis,
430 4151 493 4210 aliis
512 4151 676 4227 cohaereat,
697 4172 755 4213 non
776 4156 832 4213 iam
847 4153 994 4232 explorari
1013 4172 1100 4232 posse
1120 4171 1210 4230 supra
1229 4154 1365 4216 diximus.

268 4295 294 4362 1)
314 4292 355 4347 Ne
374 4295 479 4347 temere
498 4310 542 4347 me
561 4297 643 4364 pules
660 4294 838 4364 iudicauisse‚
857 4311 973 4365 quaeras
988 4295 1018 4349 in
1033 4295 1088 4351 Cic.
1104 4298 1174 4351 orat.
1189 4314 1238 4366 pro
1254 4297 1364 4363 Quinct.

195 4390 256 4442 cap.
267 4380 292 4439 3,
307 4389 379 4440 quae
395 4372 521 4427 Osannus
541 4372 581 4427 ibi
595 4378 704 4429 exstare
719 4376 790 4430 dicit
804 4377 839 4430 de
854 4375 916 4444 lege
930 4375 1003 4428 Iulio
1015 4374 1187 4446 Municipali.
1216 4375 1365 4431 Praeterea

195 4453 266 4507 stilo
287 4454 398 4508 Osanno
417 4452 544 4520 aequalis
563 4451 713 4509 uidebatur
732 4472 792 4510 esse
811 4457 839 4512 C.
861 4455 925 4509 Iulii
944 4455 1079 4510 Caesaris.
