3254 5032
691 305 957 382 N-18-

266 467 425 526 historicus
454 462 575 547 (Egger,
600 485 687 526 serm.
711 466 759 525 lat.
784 475 843 525 uet.
869 464 930 526 rell.
960 485 985 542 p.
1007 461 1050 545 3).
1101 460 1137 547 4)
1167 465 1234 526 libri
1263 465 1432 545 etymologi-

266 583 369 624 corum
394 559 442 644 (H.
467 584 493 642 p.
514 559 578 642 60).
629 558 665 645 5)
690 565 920 622 commentarius
948 563 983 621 ad
1007 561 1143 622 Plautum
1172 571 1202 622 et
1231 563 1303 623 alios
1331 570 1435 641 poetas

266 657 457 742 (Grilenhau,
471 662 540 721 hist.
556 661 646 740 philol
669 660 695 720 ll
714 680 742 739 p.
758 655 845 741 338).
875 655 909 741 6)
929 659 1025 740 Ennii,
1045 659 1148 738 Plauti,
1167 660 1239 720 Titii
1257 669 1436 741 poematum,

266 759 413 838 Scipionis
429 763 596 820 orationum
611 754 707 840 (Suet.
722 759 758 818 de
774 761 847 818 uiris
862 755 1060 820 inl.lr.108*
1080 777 1107 836 p.
1123 756 1186 818 138
1206 759 1299 839 lleill,
1313 757 1434 837 Lersch,

264 858 399 917 liuseum
418 857 445 917 d.
460 857 564 917 Rheiu.
577 854 737 935 Westphail.
754 854 1086 915 Schulmiinuervereins
1102 855 1141 914 lll
1156 876 1183 934 p.
1194 848 1274 937 237)
1291 858 1434 916 recensio.

265 951 298 1036 7)
321 955 397 1015 liber
420 958 629 1034 grammaticus
653 950 701 1035 (H.
725 972 751 1032 p.
772 949 928 1032 60-61).

352 1054 448 1132 Atque
471 1063 506 1114 nt
528 1055 657 1132 primum
681 1051 717 1110 do
742 1053 853 1110 certis
882 1049 1061 1110 disseramus
1086 1053 1219 1130 scriptis,
1248 1050 1283 1110 de
1308 1052 1435 1110 carmi-

259 1137 343 1210 ''num
365 1149 556 1210 Saliarium
578 1150 884 1227 interpretatione
909 1147 991 1206 locus
1011 1150 1204 1226 grauissimus
1224 1155 1269 1208 est
1295 1147 1435 1208 Varronis

264 1248 299 1306 de
319 1247 338 1306 l.
357 1247 418 1306 Lat.
433 1246 524 1307 v112
549 1275 590 1296 =
614 1255 681 1306 test.
696 1243 726 1305 9.
772 1244 826 1304 vui
851 1243 942 1303 Varro
967 1245 1038 1304 dicit
1061 1248 1336 1324 interpretationem
1354 1244 1433 1304 illam

263 1340 351 1405 ‘exile'
367 1349 470 1405 littero
489 1329 673 1422 expeditum’
694 1344 785 1402 luisse
806 1345 836 1402 in
856 1360 948 1421 eaque
970 1339 1150 1419 ‘praeterita
1169 1347 1301 1404 obscuro
1320 1338 1435 1402 multu’.

263 1440 344 1511 Quae
368 1444 431 1502 sine
457 1441 547 1501 dubio
571 1443 613 1500 sic
633 1439 829 1517 intellegenda
853 1448 931 1519 suut,
956 1449 989 1499 ut
1007 1439 1098 1501 Varro
1120 1440 1241 1500 Stilonis
1266 1440 1435 1518 explicatio·

265 1559 331 1599 nem
356 1540 650 1619 perbreuem‘luisse
675 1538 761 1597 dicat.
799 1537 956 1597 Praeterea
975 1556 1010 1598 ex
1030 1538 1176 1619 omuibus,
1201 1557 1275 1618 quae
1300 1546 1330 1598 et
1353 1545 1435 1597 ante·

264 1654 352 1714 qnam
373 1637 447 1696 Aelii
468 1635 577 1696 librum
602 1645 746 1696 memorat
770 1645 799 1694 et
821 1646 923 1713 postea
948 1635 1087 1716 disputat,
1106 1645 1228 1714 apparet
1248 1634 1362 1694 Aelium
1381 1652 1436 1712 per

264 1732 469 1811 etymologiam
501 1732 572 1810 quid
600 1740 718 1792 uetusta
746 1730 794 1790 illa
818 1731 910 1791 uerba
940 1733 1140 1809 significarent
1164 1751 1269 1793 eruere
1294 1729 1435 1792 uoluisse.

264 1828 305 1887 De
335 1833 426 1890 totius
455 1848 527 1890 uero
551 1829 619 1889 lihri
643 1830 758 1889 ratione
784 1836 872 1907 etque
897 1830 1084 1904 condicione,
1109 1849 1176 1890 cum
1203 1848 1350 1910 perpauca
1374 1838 1435 1888 tau-

265 1937 326 1985 tum
352 1929 514 2005 fragmenta
539 1934 656 1986 seruata
680 1927 748 2004 sint,
772 1925 844 1985 nihil
869 1928 931 1986 lere
956 1929 1075 1988 scimus.
1115 1927 1178 1988 Hoc
1202 1938 1317 1988 tantum
1340 1929 1434 1986 ausim

264 2025 453 2104 contendere,
478 2023 623 2083 Stilonem
646 2025 677 2082 iu
702 2021 881 2100 explicandis
901 2025 1002 2084 uerbis
1021 2028 1108 2085 etiam
1128 2026 1164 2085 de
1185 2023 1331 2084 Saliorum
1350 2023 1432 2083 cultu

264 2123 324 2180 ritu
348 2119 530 2198 supellectile
554 2120 687 2179 breuiter
710 2118 895 2178 disseruisse.
933 2120 975 2179 Gi.
995 2119 1186 2198 fragmind.
1205 2119 1387 2181 10.11.12.

353 2218 413 2278 lam
433 2220 569 2277 uenimus
589 2218 625 2276 ad
645 2216 783 2277 indices
803 2216 935 2295 Plauti,
955 2234 1030 2295 quos
1050 2218 1198 2278 lleusdius
1217 2213 1260 2298 (p.
1275 2213 1332 2298 64)
1352 2236 1433 2276 enm·

264 2336 322 2394 que
345 2326 466 2376 secutus
485 2315 646 2376 Teullelius
666 2310 748 2394 (Litt.
764 2314 847 2374 Rom.
866 2310 948 2375 hist.4
967 2335 994 2394 p.
1009 2311 1089 2396 232)
1108 2314 1233 2375 ridiculo
1254 2333 1355 2374 errore
1380 2310 1434 2373 ‘in-

264 2416 345 2474 dices
365 2432 455 2493 super
474 2413 520 2472 his
539 2412 636 2472 Plauti
658 2410 773 2491 sabulis,
797 2430 872 2489 quae
892 2412 1033 2472 dicuntur
1052 2407 1215 2490 ambiguae'
1241 2414 1401 2472 nominant.
1411 2406 1435 2491 ¹)

264 2511 397 2580 erorum
421 2519 539 2587 praeter
559 2507 685 2569 Gellium
709 2504 816 2589 (1113)
840 2509 938 2574 nullus
958 2518 1095 2569 ueterum
1116 2512 1243 2588 scriptor
1265 2510 1335 2569 lacit
1353 2526 1435 2569 men·

264 2611 388 2685 tionem,
416 2625 512 2686 neque
542 2606 705 2684 fragmenta
733 2605 851 2666 Aeliana
879 2607 956 2684 apud
982 2605 1142 2666 Varronem
1171 2614 1201 2666 et
1224 2606 1344 2666 Festum
1373 2624 1434 2666 ser-

265 2715 341 2785 uata,
365 2723 439 2783 quae
464 2703 499 2764 ad
521 2702 658 2763 Plautum
683 2711 826 2784 spectant,
850 2703 885 2764 ad
910 2722 960 2764 eos
984 2704 1124 2764 uidentur
1147 2703 1302 2764 reserenda
1327 2697 1435 2783 esse.²)

264 2803 389 2862 Exstant
417 2805 496 2861 enim
519 2801 731 2880 explicationes
755 2809 843 2879 atque
873 2801 1077 2862 adnotationes
1101 2801 1174 2860 lolii
1198 2819 1257 2861 non
1281 2800 1316 2859 ad
1341 2799 1435 2859 Plauti

265 2901 373 2979 solum,
401 2899 452 2958 sed
477 2898 510 2958 ad
536 2899 636 2976 Ennii,
671 2897 725 2956 Xll
749 2897 931 2978 tabularum,
959 2897 1103 2957 librorum
1132 2917 1291 2977 augurum,
1314 2898 1435 2975 Afranii,

265 2998 366 3076 Cassii,
390 2996 504 3076 Lucilii,
527 2995 646 3056 Catonis
670 2995 750 3056 locos
776 3004 953 3076 spectantes,
977 3013 1050 3072 quas
1069 2998 1166 3057 lacere
1190 3016 1249 3057 non
1268 3014 1436 3077 possumus,

265 3098 336 3175 quin
361 3114 463 3154 omnes
487 3114 523 3154 ex
547 3112 608 3154 xmo
632 3093 796 3170 eodemque
815 3093 900 3172 libro,
924 3093 960 3152 de
980 3095 1066 3153 cuius
1085 3096 1203 3154 nomine
1228 3101 1329 3173 postea
1353 3094 1435 3153 uide-

265 3193 372 3273 bimuS,
396 3201 511 3270 sumpta
535 3201 683 3270 putemus.
727 3189 799 3250 Nam
823 3191 957 3267 prolecto
981 3193 1006 3250 si
1030 3191 1129 3252 Aelius
1153 3190 1289 3251 Plautum
1312 3193 1434 3270 proprio

265 3290 341 3350 libro
365 3288 542 3368 explicatum
566 3288 717 3369 edidisset,
740 3296 812 3348 tune
837 3297 867 3347 et
886 3287 1007 3350 Verrius
1027 3289 1074 3349 uel
1093 3288 1200 3349 Festus
1225 3288 1435 3367 explicationes

266 3388 341 3447 Aelii
365 3387 515 3449 Plautinas
538 3386 574 3446 ab
598 3386 740 3446 Ennianis
763 3384 922 3446 Luciliauis
945 3387 1010 3446 aliis
1034 3388 1121 3446 etiam
1144 3390 1207 3466 ipsa
1230 3385 1368 3446 laudandi
1391 3403 1435 3445 ra·

267 3487 345 3545 tione
374 3484 569 3563 distinxisset,
601 3492 630 3543 et
657 3492 739 3542 certe
768 3483 860 3543 urulto
888 3482 990 3560 plures
1019 3483 1195 3544 haberemus
1224 3480 1436 3562 explicationes

266 3582 424 3660 Plautinas,
449 3599 524 3658 quae
548 3580 583 3640 ad
603 3580 718 3640 Aelium
742 3580 914 3656 referendae
938 3590 1048 3661 esseut,
1071 3599 1158 3660 quam
1177 3579 1327 3641 Euniauas
1351 3579 1435 3640 Cato·

268 3683 370 3739 uianas
399 3678 577 3758 Lucilianus,
606 3695 686 3737 nunc
710 3686 807 3737 autem
831 3677 974 3738 hahemus
998 3687 1059 3739 tres
1083 3678 1242 3756 Plautinas
1265 3686 1327 3738 tres
1351 3676 1435 3736 Cato·

267 3780 377 3856 niauas,
396 3776 469 3836 duas
484 3775 659 3837 Lucilianae.
684 3806 719 3816 —
746 3773 847 3853 ltaque
862 3794 896 3836 ea
911 3776 1006 3837 solum
1022 3777 1058 3836 de
1073 3774 1221 3835 iudicibus
1240 3774 1297 3834 illis
1317 3776 1436 3854 scimus,

269 3892 343 3961 quae
368 3873 445 3952 apud
469 3872 594 3934 Gellium
619 3867 760 3954 (1113,1
784 3898 825 3920 =
845 3881 911 3934 test.
938 3873 978 3935 16
1003 3883 1032 3934 et
1055 3872 1095 3932 lll
1118 3869 1148 3949 3,
1170 3870 1209 3932 12
1230 3899 1272 3922 =
1292 3881 1358 3933 test.
1380 3868 1435 3952 14)

267 3981 398 4032 exstant:
430 3966 598 4032 ‘Feruntur
621 3973 676 4030 sub
701 3972 805 4030 Plauti
827 3976 946 4033 nomine
969 3973 1144 4031 comoediae
1166 3973 1293 4031 circiter
1316 3977 1435 4031 reatum

267 4078 357 4145 utque
389 4072 533 4144 triqinto;
569 4071 625 4128 sed
650 4070 736 4127 homo
769 4071 990 4129 eruditissimus
1018 4068 1052 4126 L.
1076 4060 1213 4150 Aelius⁸)
1247 4070 1379 4142 quiaque
1407 4074 1437 4127 et

340 4215 365 4279 1)
395 4212 481 4278 Quem
507 4225 627 4265 errorem
647 4210 703 4264 iem
722 4209 894 4264 Bitschelius
923 4210 1042 4280 (Pererg.
1067 4229 1094 4280 p.
1114 4211 1194 4279 357βὸ
1218 4211 1293 4277 adn.)
1316 4208 1435 4264 notauit.

267 4295 294 4359 2)
312 4291 364 4344 Hie
380 4291 477 4344 contra
488 4289 673 4344 Ritschelium
689 4287 761 4359 dico,
773 4289 822 4358 qui
833 4291 906 4360 (Par.
916 4309 943 4359 p.
954 4295 1016 4358 180)
1031 4291 1150 4357 dubitat,
1166 4291 1296 4344 anoliam
1314 4289 1436 4360 explica-

267 4373 357 4428 tiones
371 4373 519 4425 uerborum
534 4369 564 4422 iu
577 4369 621 4423 his
636 4371 776 4426 indicibus
791 4371 903 4424 fuerint,
959 4375 986 4436 3)
997 4371 1134 4426 Letoides
1144 4370 1247 4424 Carrio.
1268 4371 1365 4424 laelius
1374 4370 1435 4424 cod.
