3254 5032
763 351 983 413 -14-

289 516 405 592 sippum
426 514 513 573 etiam
534 530 567 571 ea
591 511 747 572 referenda
771 511 920 593 uidentur,
944 531 1018 591 quae
1037 533 1117 576 nune
1141 517 1246 577 afferre
1266 517 1339 576 mihi
1361 516 1461 597 liceat,

290 613 468 670 mutationes
491 610 657 670 litterarum
682 617 711 669 et
735 608 849 688 similia,
874 627 948 687 quae
969 610 1076 672 Stoicis
1100 613 1171 674 solis
1195 614 1327 674 tribuere
1351 615 1458 673 nimiae

287 716 366 768 esset
394 709 546 787 audaciae,
574 707 626 766 sed
656 716 731 785 quae
759 710 918 785 praecipue
947 708 981 767 ad
1007 709 1211 788 etymologiam
1233 713 1342 790 ipsam,
1371 711 1459 770 sicuti

288 823 303 862 a
333 805 487 865 ueteribus
515 803 697 882 philosophis
726 803 875 884 incohata,
906 824 922 864 a
952 804 1060 865 Stoicis
1089 814 1188 887 aucta,
1216 826 1231 866 a
1258 808 1459 885 grammaticis

287 902 416 983 denique
435 903 640 962 Alexandrinis
659 901 695 962 ad
710 920 859 962 summum
878 919 1019 961 cacumen
1035 901 1123 962 ducta
1142 911 1197 984 est,
1217 911 1358 982 spectant.
1388 903 1457 972 Qui·

288 999 343 1060 bus
368 999 565 1078 Chrysippum
589 1001 705 1059 enixius
729 1017 849 1078 operam
873 998 989 1059 dedisse
1019 1000 1105 1060 docet
1128 999 1219 1060 Varro
1242 1002 1279 1061 de
1303 1001 1372 1079 ling.
1397 1000 1458 1060 Lat.

288 1095 325 1154 Vl
350 1095 384 1157 2:
417 1098 516 1157 Huius
547 1100 596 1161 rei
631 1099 693 1169 (sc.
720 1103 755 1155 nt
785 1098 950 1156 uerborum
982 1101 1158 1171 copnationi
1193 1114 1304 1159 morem
1335 1099 1457 1173 peram)

287 1201 397 1254 auctor
419 1197 493 1254 satis
512 1196 588 1254 midi
609 1195 794 1270 Chrysippus
813 1200 842 1252 et
860 1193 1029 1268 Antipater,
1053 1202 1083 1253 et
1101 1197 1146 1254 itti
1163 1198 1194 1255 in
1213 1197 1330 1269 quidus,
1353 1199 1382 1254 si
1398 1212 1457 1254 non

288 1297 403 1351 tantum
418 1294 575 1364 acuminis,
591 1295 703 1366 utplus
718 1293 899 1363 t'tterarum,
914 1292 945 1348 in
960 1307 1018 1362 qno
1034 1298 1079 1350 est
1091 1293 1310 1368 Aristophanes
1325 1299 1354 1352 ct
1369 1294 1457 1367 Apot-

286 1391 419 1463 todorus,
438 1391 492 1464 qui
510 1406 610 1449 omnes
629 1389 726 1448 uerba
741 1406 781 1448 en
794 1388 898 1447 uerbis
915 1389 958 1446 ita
973 1389 1126 1448 declinari
1138 1390 1289 1463 scribunt,
1309 1397 1343 1449 ut
1360 1391 1457 1474 uerba

286 1489 404 1546 litteras
424 1489 487 1547 otiu
502 1492 665 1559 assumant,
684 1489 747 1545 alia
762 1487 889 1563 mittant,
909 1487 972 1543 alia
987 1494 1174 1559 commutent,
1193 1494 1227 1547 ut
1242 1491 1279 1560 dt
1298 1491 1328 1546 in
1348 1487 1468 1559 Tarda·

286 1585 317 1641 in
345 1582 510 1656 Turdurio,
537 1586 568 1642 in
600 1577 759 1643 Turdetis.2
806 1581 887 1651 Quae
909 1579 1046 1670 Varronis
1071 1584 1162 1644 uerba
1186 1603 1257 1644 uera
1282 1602 1347 1644 esse
1371 1602 1457 1642 nenio

288 1681 339 1757 qui
367 1679 602 1759 Etymologicum
635 1697 772 1757 magnum
802 1679 850 1738 uel
882 1679 974 1738 semel
1005 1681 1181 1762 inspexerit,
1213 1681 1400 1762 initiabitur,
1429 1691 1458 1740 et

287 1776 391 1835 eodem
411 1777 497 1837 modo
518 1777 594 1856 apud
610 1777 724 1836 Aelium
745 1794 862 1855 quoque
882 1773 973 1836 uerba
993 1776 1143 1858 declinari,
1160 1779 1215 1860 uel,
1235 1787 1267 1839 ut
1286 1797 1340 1838 nos
1358 1779 1458 1857 potius

287 1873 422 1954 dicimus,
446 1873 584 1955 deriuari,
608 1893 688 1934 nnnc
712 1867 920 1956 uidebimus.¹)

375 1972 471 2049 Atque
495 1980 527 2032 ut
551 1973 702 2032 ordiamur
726 1971 761 2031 ab
784 1970 991 2033 litterarum
1015 1977 1230 2058 mutatione,
1258 1975 1314 2035 hoc
1339 1977 1458 2036 nomine

288 2087 355 2127 oum
378 2067 519 2128 Lerschio
545 2063 576 2150 (l.
592 2088 615 2129 c.
639 2088 667 2147 p.
685 2063 761 2149 100)
781 2071 867 2128 etiam
892 2068 1058 2130 litterarum
1078 2075 1310 2150 correptionem,
1329 2071 1458 2150 duplica·

289 2168 408 2246 tionem,
432 2165 684 2245 diphthongorum
708 2164 940 2246 dissolutionem,
966 2170 1178 2249 extensionem,
1202 2171 1299 2230 crasin
1323 2187 1456 2247 compre-

286 2263 392 2323 hendo.
438 2262 568 2333 Quarum
598 2282 673 2342 quae
702 2262 780 2342 apud
808 2265 1015 2340 grammaticos
1043 2265 1190 2326 Romanos
1220 2269 1251 2326 in
1280 2269 1456 2327 uniuersum

288 2369 441 2421 exstarent
459 2365 584 2440 uestigia
603 2363 660 2422 iam
679 2360 839 2421 Lersohius
856 2355 911 2444 (111
929 2382 956 2440 p.
974 2360 1164 2444 tto-178)
1184 2373 1388 2442 perscrutatus
1404 2374 1457 2445 est,

287 2460 317 2517 in
342 2458 474 2536 singulos
498 2477 571 2518 uero
595 2477 681 2518 nemo
706 2457 801 2518 adlmc
819 2459 984 2535 inquisiuit.
1007 2495 1044 2504 -
1065 2465 1162 2541 Atque
1186 2462 1455 2541 propriae'littera·

287 2574 353 2615 rum
378 2558 549 2616 mutationis
573 2549 642 2639 (ita,
666 2564 699 2616 ut
722 2555 814 2614 altera
837 2555 868 2614 in
892 2554 1013 2617 alteram
1032 2553 1179 2642 mutetur)
1203 2559 1275 2619 haec
1298 2559 1374 2638 apud
1400 2559 1457 2618 Sti-

287 2652 384 2713 lonem
407 2661 524 2713 exstant
547 2653 693 2733 exempla:
725 2647 757 2734 1)
781 2655 808 2713 A
832 2657 862 2714 in
892 2655 929 2714 0:
952 2658 1065 2719 nebulo
1089 2675 1128 2718 ea
1151 2659 1276 2719 nebula.
1314 2649 1349 2737 2)
1374 2658 1404 2714 Ε
1425 2659 1455 2716 in

287 2752 317 2810 I:
348 2750 494 2812 assiduus
518 2753 557 2812 ad
581 2767 653 2812 asse
676 2754 777 2812 dando
802 2760 831 2811 et
851 2751 985 2834 pituita,
1008 2759 1089 2829 quod
1107 2762 1197 2832 petat
1219 2758 1323 2814 uitam.
1370 2749 1405 2834 3)
1430 2755 1459 2811 Ε

288 2851 319 2907 in
340 2850 376 2908 U:
395 2853 591 2924 petaurista:
614 2841 697 2929 πρὸς
715 2840 800 2928 ἀέρα
823 2846 966 2912 πέταται.
998 2857 1105 2929 lepus:
1119 2857 1245 2930 teuipes.
1268 2847 1345 2933 4)A
1365 2855 1395 2911 in
1420 2851 1456 2911 U:

287 2949 436 3006 assiduus
456 2948 494 3007 ab
514 2965 580 3007 asse
595 2949 712 3009 dando.
736 2944 770 3024 5)
790 2948 813 3007 0
828 2950 859 3006 in
875 2949 905 3006 I:
923 2949 1027 3009 mites:
1045 2953 1154 3011 moltis.
1186 2949 1266 3009 llaec
1285 2956 1354 3008 sunt
1369 2966 1455 3007 uoca-

286 3043 358 3103 lium
383 3038 608 3126 montionesl),
635 3044 746 3123 quihus
770 3044 947 3123 adiungatur
971 3044 992 3101 V
1016 3048 1046 3106 in
1071 3046 1095 3106 U
1118 3047 1295 3107 dissolutum
1323 3047 1353 3103 in
1383 3063 1455 3104 uoce

287 3135 444 3216 ‘pituitu'.
467 3173 511 3183 -
539 3141 620 3201 lnter
639 3148 836 3202 consonantes
855 3136 877 3200 b
896 3143 927 3201 in
951 3155 974 3220 p
998 3151 1129 3204 mutatur
1152 3147 1183 3204 in
1207 3143 1300 3204 uerbo
1324 3145 1457 3218 nuptiae

286 3238 319 3312 (a
343 3238 501 3310 nubendo)
527 3241 603 3299 sicut
626 3253 650 3315 g
672 3242 702 3300 in
725 3253 744 3300 c
769 3242 800 3299 in
823 3256 897 3298 uoce
917 3243 1043 3301 uictima
1068 3244 1101 3314 (a
1124 3244 1268 3322 uipore);
1292 3235 1314 3300 d
1338 3242 1366 3298 in
1392 3234 1455 3299 lin

287 3335 412 3396 uocibus
429 3338 614 3400 Nouensiles
628 3337 849 3410 (Nouensides)
870 3344 900 3396 et
919 3339 995 3397 Dius
1014 3338 1127 3399 Fidius
1149 3341 1269 3412 (Diouis
1287 3337 1397 3410 lilius).
1415 3369 1452 3378 -

287 3432 467 3492 Litterarum
483 3435 683 3513 corruptionis
699 3428 890 3515 (συστολῆς)
906 3434 1049 3494 habemus
1063 3435 1136 3496 haec
1151 3435 1295 3515 exempla:
1319 3435 1351 3494 A.
1368 3433 1455 3493 Voca-

286 3531 370 3592 lium:
391 3528 552 3592 Paiticutuc
570 3528 732 3609 (patesco).
763 3531 794 3591 B.
811 3519 1054 3594 Consonaintium:
1073 3538 1193 3595 triones
1208 3535 1405 3607 (terminans).
1416 3565 1454 3575 -

288 3627 437 3689 Vocatium
462 3631 642 3689 extensionis
666 3645 784 3706 qnoque
809 3645 900 3687 tinum
925 3629 1092 3709 exemplum
1115 3640 1226 3691 exstat:
1248 3634 1456 3691 nuscitmsum:

288 3730 349 3787 nisi
364 3745 459 3803 usque
478 3730 521 3787 ad
537 3723 646 3787 icutos.
669 3757 714 3768 -
737 3724 969 3785 Consonantium
988 3727 1196 3807 duplicationis
1219 3728 1386 3805 exemplum
1410 3738 1455 3788 est

287 3831 384 3884 terra
408 3843 427 3884 a
455 3828 594 3886 terendo.
645 3823 743 3883 Crasis
771 3840 846 3900 quae
874 3823 983 3884 dicitur
1012 3832 1126 3885 exstare
1156 3824 1276 3884 uidetur
1304 3827 1333 3884 in
1362 3823 1455 3884 uerbo

287 3921 371 3982 Dius
390 3923 496 3981 Fidius
519 3940 536 3982 e
559 3920 685 3984 aionis
703 3923 795 3994 fitius.
820 3953 860 3963 -
886 3920 1140 4002 liiphthongorum
1165 3922 1368 3983 dissolutionis
1391 3920 1454 3982 nal·

286 4017 347 4077 lum
370 4020 473 4078 inueni
496 4018 671 4097 exemplam.

359 4181 384 4248 1)
395 4179 427 4232 In
436 4179 480 4233 his
491 4196 562 4247 quae
577 4181 737 4250 sequautur,
748 4181 872 4237 Lerschii
882 4199 983 4252 sequor
993 4181 1090 4237 doctas
1101 4183 1135 4238 de
1144 4184 1196 4238 hae
1205 4201 1234 4238 re
1245 4181 1453 4251 disquisitiones

287 4257 442 4325 quaePhil.
457 4257 525 4326 ling.
539 4257 579 4310 Ill
592 4276 618 4327 p.
630 4264 752 4314 96-105
767 4263 796 4315 et
812 4267 950 4317 rao—178
966 4263 1084 4318 exstant.
1139 4268 1165 4330 2)
1184 4262 1276 4317 Possis
1290 4263 1349 4318 sine
1369 4264 1454 4318 dubio

287 4336 373 4392 etiam
397 4337 468 4391 alias
491 4336 630 4406 inuenire,
653 4339 863 4396 terminationes
887 4342 961 4395 enim
987 4341 1134 4398 uerborum
1159 4343 1320 4412 saepissime
1344 4346 1456 4398 mutant

288 4416 427 4485 uoonlem,
447 4417 495 4470 sed
515 4433 567 4487 ego
586 4417 766 4487 grauissimas
786 4437 962 4476 enumerasse
982 4422 1049 4476 salis
1067 4423 1164 4477 habeo.
