3254 5032
681 371 896 435 ..23-

201 536 343 616 Cbarisio,
359 536 473 616 Seruio,
488 536 610 616 Isidoro,
630 536 707 595 unde
724 535 856 595 notitiam
872 537 937 594 cius
951 544 1073 614 apparet
1087 537 1218 614 uiguisse
1234 536 1270 595 ab
1285 554 1373 595 aurea

200 652 288 712 quam
312 634 439 694 dicimus
457 634 539 694 latini
564 635 709 694 sermonis
734 638 829 691 aetate
853 650 947 710 usque
963 631 999 691 ad
1015 633 1166 693 saeculum
1180 641 1247 711 post
1263 632 1330 692 Cbr.
1345 651 1373 692 n.

200 733 369 809 septimum.

289 829 400 889 Tamen
418 828 544 889 Gellium
565 837 594 889 et
613 831 746 907 quicum
767 827 862 888 secuti
877 836 946 886 sunt
966 828 1127 905 scriptores
1146 829 1243 907 ipsum
1258 828 1373 896 Aelium

199 929 364 1004 inspexisse
389 945 424 986 ex
446 935 506 987 tota
526 926 604 987 illius
624 928 727 987 aetatis
747 925 845 986 indole
865 927 915 985 uix
935 932 980 984 est
999 923 1155 986 credibile:
1174 927 1274 1004 itaque
1294 945 1373 987 nunc

199 1025 251 1102 qui
275 1026 334 1084 uiri
358 1025 414 1102 ipsi
433 1027 531 1103 ipsum
550 1025 664 1086 Aelium
684 1025 868 1103 inspexerint
892 1030 921 1081 et
946 1039 1003 1100 quo
1029 1041 1122 1100 usque
1146 1025 1204 1100 ipsi
1223 1025 1286 1084 eius
1305 1022 1374 1083 libri

198 1122 374 1182 domuerint
398 1123 560 1182 uideamus.
578 1155 614 1164 -
634 1122 728 1201 Atque
748 1139 841 1181 unum
861 1122 924 1180 eius
943 1119 1062 1201 librum,
1077 1123 1322 1181 commentarium
1336 1122 1372 1181 de

199 1218 373 1296 proloquiis,
397 1219 433 1278 ab
456 1222 521 1299 ipso
545 1218 637 1279 Gellio
661 1220 829 1298 inspectum
853 1235 917 1278 esse
942 1219 999 1277 iaru
1023 1217 1167 1297 uidimus,
1191 1219 1231 1278 de
1251 1218 1374 1297 reliquis

198 1316 282 1376 libris
310 1325 378 1396 post
400 1315 536 1378 Verrium
562 1317 713 1397 Flaccum,
743 1316 793 1377 ubi
821 1326 920 1376 tamen
950 1331 1028 1374 unus
1057 1322 1170 1374 tantum
1194 1314 1269 1374 liber
1294 1333 1371 1375 com·

198 1423 390 1495 memoratur,
415 1421 495 1475 certe
519 1416 686 1475 testimonia
711 1432 770 1474 non
789 1413 941 1474 babemus.
980 1411 1036 1471 Sed
1058 1414 1121 1472 sine
1140 1412 1231 1473 dubio
1250 1410 1373 1492 Varro,

198 1510 273 1572 Aelii
301 1512 478 1593 discipuluS,
506 1515 563 1573 etsi
595 1511 685 1571 solam
719 1514 883 1571 carminum
912 1509 1066 1570 Saliarium
1096 1511 1372 1587 interpretationem

200 1616 301 1687 aperte
320 1611 461 1688 nominat,
480 1611 576 1669 omnia
597 1611 661 1669 eius
680 1627 770 1688 opera
789 1611 852 1688 ipse
872 1610 1008 1687 inspexit.
1041 1609 1136 1685 Atque
1156 1605 1243 1687 illam,
1263 1609 1372 1667 utiam

199 1706 338 1786 diximus,
362 1705 397 1764 de
417 1705 434 1766 l.
453 1705 516 1767 Lat.
531 1703 620 1767 Vll?
644 1714 869 1767 commemorat:
889 1724 964 1784 quae
984 1723 1057 1765 uero
1077 1712 1230 1781 praeterea
1250 1703 1372 1765 Stilonis

199 1805 366 1883 fragmenta
388 1802 515 1883 exbibet,
539 1821 572 1863 ea
592 1822 627 1864 ex
647 1821 737 1882 opere
757 1803 806 1864 illo
826 1801 1019 1882 etymologico
1040 1809 1155 1880 sumpta
1176 1809 1253 1862 sunt.
1284 1801 1371 1860 Prae-

199 1912 280 1963 terea
304 1919 377 1961 uero
402 1900 572 1982 Varronem,
596 1918 685 1978 quem
709 1919 823 1961 summe
847 1900 950 1959 Plauto
974 1899 1092 1959 dedisse
1116 1917 1236 1978 operam
1261 1902 1371 1960 scimus

76 1989 98 1998 ”
200 1993 371 2083 (Ritscbelii
392 1997 500 2076 Opusc.
520 1997 560 2057 lll
582 2017 610 2076 p.
625 1992 714 2078 455),
738 1999 870 2076 magistri
894 1999 939 2057 sui
962 1997 1076 2056 indices
1099 1995 1251 2056 Plautinos
1274 1997 1372 2076 negle-

198 2101 276 2158 xisse
302 2099 351 2156 uix
375 2096 488 2175 credas,
511 2099 686 2174 praesertim
711 2117 778 2157 cum
798 2095 909 2157 Gellius
933 2100 1028 2154 toturn
1047 2089 1119 2154 illud
1139 2101 1236 2175 caput,
1256 2114 1314 2174 quo
1334 2095 1371 2156 de

197 2194 346 2254 indicibus
367 2193 510 2254 Plautinis
530 2196 598 2275 agit,
616 2192 741 2255 Varroni
760 2195 897 2256 uideatur
916 2191 1034 2251 debere.
1075 2192 1115 2250 Ac
1135 2210 1171 2251 ne
1191 2188 1288 2254 ‘leues
1306 2199 1371 2270 qui·

199 2296 266 2354 dem
281 2291 362 2352 Aelii
379 2284 605 2351 oratiunculas’
620 2308 675 2351 nec
689 2290 799 2350 Metelli
818 2300 869 2350 aut
883 2274 989 2349 bucilii
1007 2288 1150 2349 librorum
1166 2293 1370 2353 recensionem

198 2409 268 2450 eum
298 2389 468 2467 despexisse
492 2389 642 2469 existimo,
671 2390 727 2449 etsi
750 2406 846 2467 neque
871 2387 948 2465 apud
968 2384 1129 2446 Varronem
1152 2389 1249 2465 ipsum
1273 2407 1369 2468 neque

198 2487 276 2567 apud
302 2485 374 2547 alios
397 2479 722 2568 praeter'Ciccronem,
747 2486 931 2564 Suetonium,
953 2483 1134 2545 Frontonem
1153 2486 1314 2564 quidquam
1333 2487 1369 2546 de

197 2587 234 2645 iis
249 2593 295 2644 est
310 2583 459 2644 traditum.
485 2581 735 2644 Commentarium
755 2602 827 2643 uero
844 2583 880 2642 de
895 2581 1059 2660 proloquiis
1073 2580 1234 2642 Varronem
1249 2586 1369 2645 nouisse

197 2701 232 2742 ex
257 2684 322 2760 ipso
347 2679 431 2740 Gellii
454 2679 518 2739 loco
539 2678 636 2741 XVlS
658 2683 729 2740 satis
749 2688 878 2761 apparet,
898 2698 987 2758 quem
1006 2687 1104 2740 tamen
1123 2679 1231 2740 librum
1251 2689 1369 2761 praeter

197 2781 264 2840 illos
287 2780 362 2840 duos
383 2796 469 2838 nemo
490 2786 709 2838 commemorat.
727 2776 903 2839 -Praeter
922 2776 1083 2837 Varronem
1103 2785 1200 2837 autem
1220 2776 1369 2838 Verrius

196 2897 264 2940 euru
296 2877 438 2956 inspexit,
466 2877 544 2954 quod
574 2895 641 2937 cum
673 2875 758 2936 multi
788 2875 829 2936 illi
857 2874 928 2955 loci,
961 2874 1012 2934 ubi
1041 2891 1148 2934 nomen
1183 2877 1246 2934 eius
1276 2875 1368 2956 allent,
1394 2956 1396 2960 ‚

197 2982 261 3036 turn
292 2978 317 3035 is
344 2976 502 3053 praecipue
531 2975 698 3055 confirmat,
731 2972 782 3034 ubi
810 2972 954 3034 Cloatium
983 2979 1013 3033 et
1035 2971 1149 3032 Aelium
1177 2971 1281 3032 iisdem
1305 2973 1369 3033 iere

197 3072 299 3134 uerbis
324 3089 395 3132 usos
423 3089 489 3131 esse
513 3071 585 3132 dicit
608 3065 650 3154 (p.
666 3068 731 3132 309
746 3071 782 3131 M.
798 3097 840 3119 =
855 3072 909 3150 lrg.
927 3063 1030 3154 12)¹),
1053 3070 1132 3131 unde
1159 3078 1188 3130 et
1211 3070 1315 3131 Cloatii
1339 3079 1369 3132 et

197 3170 271 3231 Aelii
298 3167 406 3229 librum
439 3170 537 3248 ipsum
567 3187 634 3228 eum
662 3153 831 3229 adhibuisse
862 3169 927 3228 ueri
955 3169 987 3228 tit
1011 3166 1200 3228 simillimum.
1246 3168 1369 3230 Accedit

198 3268 276 3348 quod
296 3267 492 3346 plurimorum
511 3266 664 3327 hominum
683 3266 839 3327 doctorum
858 3267 968 3327 iudicio
982 3264 1104 3326 Verrius
1118 3265 1258 3350 Varronis
1275 3265 1368 3328 libros

197 3366 234 3425 de
258 3366 358 3444 lingua
381 3363 493 3444 Latina,
517 3383 532 3423 e
558 3364 667 3444 quibus
691 3364 770 3442 solis,
793 3366 851 3424 nisi
874 3363 910 3424 ab
934 3363 1015 3424 Aelio
1039 3365 1116 3444 ipso,
1144 3371 1188 3423 tot
1216 3364 1291 3424 Aelii
1319 3384 1367 3425 ex·

197 3462 371 3544 plicationes
392 3479 509 3522 sumere
529 3464 638 3541 potuit,
658 3464 777 3522 omnino
796 3480 855 3522 non
878 3460 1018 3521 adhibuit.
1033 3493 1077 3502 —
1096 3459 1252 3522 Praeterea
1267 3462 1366 3524 Cice·

197 3579 333 3640 ronem,
361 3561 419 3620 etsi
440 3559 513 3619 duas
537 3567 650 3621 tantum
675 3559 748 3621 tetii
771 3560 886 3639 profert
913 3558 1137 3639 explicationes,
1164 3562 1296 3638 magistri
1320 3563 1369 3620 sui

196 3658 288 3718 libros
307 3656 456 3718 euoluisse
476 3654 661 3733 crediderim.
681 3689 718 3700 —
738 3656 878 3717 Plinius
898 3665 998 3717 utrum
1014 3656 1128 3716 Aelium
1143 3657 1241 3735 ipsum
1261 3657 1368 3718 adierit

198 3774 303 3836 necne,
326 3773 413 3814 nemo
437 3753 533 3814 adbuc
558 3755 629 3812 satis
653 3762 857 3832 perscrutatus
882 3765 940 3836 est3
964 3754 1036 3814 mihi
1058 3753 1124 3814 loco
1147 3752 1196 3812 illo
1220 3753 1253 3814 N.
1272 3754 1306 3815 H.
1327 3754 1367 3815 lX

199 3850 261 3915 123
286 3847 343 3934 (=
364 3854 418 3931 lrg.
437 3846 495 3934 41)
519 3850 570 3912 ubi
593 3851 733 3928 legimus:
757 3846 935 3925 ‘(Uoiones)
958 3855 1092 3929 primum
1119 3855 1252 3928 coepisse
1280 3856 1367 3914 circo

197 3952 324 4012 Sullano
345 3956 479 4025 temporo
498 3951 630 4009 minutos
649 3954 678 4009 et
696 3951 771 4008 oties
786 3951 953 4010 Fenestella
968 3951 1064 4009 trudit
1077 3948 1235 4025 manifesto
1250 3968 1367 4032 errore,

197 4063 265 4109 cum
284 4047 388 4107 Aelius
412 4047 487 4106 Stilo
511 4047 694 4121 Iupurtlaino
718 4048 792 4107 bello
815 4049 960 4108 unionum
982 4064 1088 4108 nomen
1113 4049 1280 4123 impositum
1303 4065 1365 4108 mo·

18 4179 20 4200 .
77 4151 82 4157 ’
195 4148 277 4205 xime
302 4144 475 4220 praedibus
498 4146 677 4219 morparitts
696 4138 827 4220 predot’
873 4143 986 4204 Plinius
1010 4152 1181 4224 propterea,
1206 4145 1283 4223 quod
1309 4143 1365 4205 Sti.

196 4241 273 4302 lonis
301 4239 392 4301 uerba
417 4247 475 4300 tam
500 4248 600 4317 aperte
625 4240 806 4302 Fenestellae
831 4241 1014 4322 obiciuntur,
1038 4243 1134 4319 ipsum
1159 4241 1234 4301 Aelii
1257 4241 1365 4303 librum

269 4448 294 4516 1)
314 4444 354 4499 Ol.
375 4443 582 4513 Reitzenstein,
601 4444 726 4503 Verriau.
747 4446 878 4516 Forscbg.
898 4445 1023 4517 (Vretisl.
1037 4447 1116 4515 1887)
1136 4464 1162 4516 p.
1179 4453 1220 4501 90.
