<?xml version="1.0" encoding="UTF-8"?>
<!DOCTYPE html PUBLIC "-//W3C//DTD XHTML 1.0 Transitional//EN"
    "http://www.w3.org/TR/xhtml1/DTD/xhtml1-transitional.dtd">
<html xmlns="http://www.w3.org/1999/xhtml" xml:lang="en" lang="en">
 <head>
  <title>
</title>
<meta http-equiv="Content-Type" content="text/html;charset=utf-8" />
  <meta name='ocr-system' content='tesseract 3.04.00' />
  <meta name='ocr-capabilities' content='ocr_page ocr_carea ocr_par ocr_line ocrx_word'/>
</head>
<body>
  <div class='ocr_page' id='page_1' title='image "./delucioaeliosti00mentgoog_0022.png"; bbox 0 0 3254 5032; ppageno 0'>
   <div class='ocr_carea' id='block_1_1' title="bbox 697 349 917 414">
    <p class='ocr_par' dir='ltr' id='par_1_1' title="bbox 697 349 917 414">
     <span class='ocr_line' id='line_1_1' title="bbox 697 349 917 414; baseline -0.005 -17"><span class='ocrx_word' id='word_1_1' title='bbox 697 349 917 414; x_wconf 76' lang='lat'><strong>..17-</strong></span> 
     </span>
    </p>
   </div>
   <div class='ocr_carea' id='block_1_2' title="bbox 218 508 1397 2931">
    <p class='ocr_par' dir='ltr' id='par_1_2' title="bbox 220 508 1397 1572">
     <span class='ocr_line' id='line_1_2' title="bbox 226 508 1395 594; baseline 0.001 -21"><span class='ocrx_word' id='word_1_2' title='bbox 226 508 286 594; x_wconf 92' lang='grc'><strong>10)</strong></span> <span class='ocrx_word' id='word_1_3' title='bbox 323 514 478 592; x_wconf 84' lang='lat' dir='ltr'><strong>singula:</strong></span> <span class='ocrx_word' id='word_1_4' title='bbox 514 517 788 591; x_wconf 69' lang='lat' dir='ltr'><strong>interpretabor,</strong></span> <span class='ocrx_word' id='word_1_5' title='bbox 816 515 922 588; x_wconf 79' lang='lat' dir='ltr'><strong>lassas,</strong></span> <span class='ocrx_word' id='word_1_6' title='bbox 951 517 1099 588; x_wconf 76' lang='lat' dir='ltr'><strong>dalidam,</strong></span> <span class='ocrx_word' id='word_1_7' title='bbox 1128 523 1241 590; x_wconf 80' lang='lat' dir='ltr'><strong>tamar,</strong></span> <span class='ocrx_word' id='word_1_8' title='bbox 1272 517 1395 590; x_wconf 81' lang='lat' dir='ltr'><strong>capula,</strong></span> 
     </span>
     <span class='ocr_line' id='line_1_3' title="bbox 222 609 1395 692; baseline -0.001 -21"><span class='ocrx_word' id='word_1_9' title='bbox 222 629 365 688; x_wconf 78' lang='lat' dir='ltr'><strong>caucam,</strong></span> <span class='ocrx_word' id='word_1_10' title='bbox 387 619 521 688; x_wconf 75' lang='lat' dir='ltr'><strong>toaqere,</strong></span> <span class='ocrx_word' id='word_1_11' title='bbox 540 629 674 672; x_wconf 83' lang='lat' dir='ltr'><strong>manuos.</strong></span> <span class='ocrx_word' id='word_1_12' title='bbox 695 643 736 652; x_wconf 82' lang='lat'><em>—</em></span> <span class='ocrx_word' id='word_1_13' title='bbox 756 609 896 670; x_wconf 84' lang='lat' dir='ltr'>Videmus</span> <span class='ocrx_word' id='word_1_14' title='bbox 915 613 1007 690; x_wconf 80' lang='lat' dir='ltr'><strong>igitur</strong></span> <span class='ocrx_word' id='word_1_15' title='bbox 1021 610 1135 672; x_wconf 79' lang='lat' dir='ltr'><strong>Aelium</strong></span> <span class='ocrx_word' id='word_1_16' title='bbox 1154 615 1284 692; x_wconf 89' lang='lat' dir='ltr'><strong>peritum</strong></span> <span class='ocrx_word' id='word_1_17' title='bbox 1303 613 1395 671; x_wconf 89' lang='lat' dir='ltr'><strong>luisse</strong></span> 
     </span>
     <span class='ocr_line' id='line_1_4' title="bbox 221 707 1397 790; baseline 0 -22"><span class='ocrx_word' id='word_1_18' title='bbox 221 726 326 769; x_wconf 93' lang='lat' dir='ltr'><strong>rerum</strong></span> <span class='ocrx_word' id='word_1_19' title='bbox 349 727 516 790; x_wconf 91' lang='lat' dir='ltr'><strong>sacrarum,</strong></span> <span class='ocrx_word' id='word_1_20' title='bbox 545 727 645 770; x_wconf 92' lang='lat' dir='ltr'><strong>rerum</strong></span> <span class='ocrx_word' id='word_1_21' title='bbox 671 707 706 767; x_wconf 91' lang='lat' dir='ltr'><strong>ad</strong></span> <span class='ocrx_word' id='word_1_22' title='bbox 730 707 912 768; x_wconf 90' lang='lat' dir='ltr'><strong>medicorum</strong></span> <span class='ocrx_word' id='word_1_23' title='bbox 937 716 1030 769; x_wconf 89' lang='lat' dir='ltr'><strong>artem</strong></span> <span class='ocrx_word' id='word_1_24' title='bbox 1054 711 1266 790; x_wconf 83' lang='lat' dir='ltr'><strong>spectantium,</strong></span> <span class='ocrx_word' id='word_1_25' title='bbox 1294 726 1397 769; x_wconf 90' lang='lat' dir='ltr'><strong>rerum</strong></span> 
     </span>
     <span class='ocr_line' id='line_1_5' title="bbox 222 795 1396 888; baseline 0 -23"><span class='ocrx_word' id='word_1_26' title='bbox 222 806 415 888; x_wconf 82' lang='lat' dir='ltr'><strong>naturalium,</strong></span> <span class='ocrx_word' id='word_1_27' title='bbox 444 795 546 867; x_wconf 91' lang='lat' dir='ltr'><strong>rerum</strong></span> <span class='ocrx_word' id='word_1_28' title='bbox 573 807 767 886; x_wconf 88' lang='lat' dir='ltr'><strong>rusticarum,</strong></span> <span class='ocrx_word' id='word_1_29' title='bbox 796 821 894 883; x_wconf 92' lang='lat' dir='ltr'><strong>neque</strong></span> <span class='ocrx_word' id='word_1_30' title='bbox 922 805 1057 884; x_wconf 83' lang='lat' dir='ltr'><strong>ignarum</strong></span> <span class='ocrx_word' id='word_1_31' title='bbox 1086 825 1155 867; x_wconf 93' lang='lat' dir='ltr'><strong>eum</strong></span> <span class='ocrx_word' id='word_1_32' title='bbox 1182 807 1275 867; x_wconf 88' lang='lat' dir='ltr'><strong>luisse</strong></span> <span class='ocrx_word' id='word_1_33' title='bbox 1299 805 1396 885; x_wconf 91' lang='lat' dir='ltr'><strong>supel-</strong></span> 
     </span>
     <span class='ocr_line' id='line_1_6' title="bbox 221 901 1396 986; baseline 0.002 -24"><span class='ocrx_word' id='word_1_34' title='bbox 221 901 345 980; x_wconf 89' lang='lat' dir='ltr'><strong>lectilis,</strong></span> <span class='ocrx_word' id='word_1_35' title='bbox 370 923 427 985; x_wconf 92' lang='lat' dir='ltr'><strong>qua</strong></span> <span class='ocrx_word' id='word_1_36' title='bbox 451 903 561 985; x_wconf 85' lang='lat' dir='ltr'><strong>singuli</strong></span> <span class='ocrx_word' id='word_1_37' title='bbox 583 903 711 964; x_wconf 86' lang='lat' dir='ltr'><strong>artifices</strong></span> <span class='ocrx_word' id='word_1_38' title='bbox 741 911 772 964; x_wconf 91' lang='lat' dir='ltr'><strong>et</strong></span> <span class='ocrx_word' id='word_1_39' title='bbox 794 902 916 980; x_wconf 88' lang='lat' dir='ltr'><strong>opifices</strong></span> <span class='ocrx_word' id='word_1_40' title='bbox 939 902 1113 986; x_wconf 89' lang='lat' dir='ltr'><strong>utebantur,</strong></span> <span class='ocrx_word' id='word_1_41' title='bbox 1136 904 1265 984; x_wconf 91' lang='lat' dir='ltr'><strong>denique</strong></span> <span class='ocrx_word' id='word_1_42' title='bbox 1285 905 1396 984; x_wconf 90' lang='lat' dir='ltr'><strong>optime</strong></span> 
     </span>
     <span class='ocr_line' id='line_1_7' title="bbox 221 999 1396 1081; baseline 0 -20"><span class='ocrx_word' id='word_1_43' title='bbox 221 1019 292 1062; x_wconf 92' lang='lat' dir='ltr'><strong>eum</strong></span> <span class='ocrx_word' id='word_1_44' title='bbox 315 1004 436 1063; x_wconf 91' lang='lat' dir='ltr'><strong>nouisse</strong></span> <span class='ocrx_word' id='word_1_45' title='bbox 464 1011 494 1063; x_wconf 90' lang='lat' dir='ltr'><strong>et</strong></span> <span class='ocrx_word' id='word_1_46' title='bbox 518 1000 630 1062; x_wconf 90' lang='lat' dir='ltr'><strong>incolas</strong></span> <span class='ocrx_word' id='word_1_47' title='bbox 649 1001 733 1061; x_wconf 90' lang='lat' dir='ltr'><strong>urbis</strong></span> <span class='ocrx_word' id='word_1_48' title='bbox 751 1000 860 1061; x_wconf 86' lang='lat' dir='ltr'><strong>Romae</strong></span> <span class='ocrx_word' id='word_1_49' title='bbox 881 1009 911 1062; x_wconf 91' lang='lat' dir='ltr'><strong>et</strong></span> <span class='ocrx_word' id='word_1_50' title='bbox 928 999 1034 1062; x_wconf 91' lang='lat' dir='ltr'><strong>urbem</strong></span> <span class='ocrx_word' id='word_1_51' title='bbox 1054 1003 1157 1081; x_wconf 91' lang='lat' dir='ltr'><strong>ipsam.</strong></span> <span class='ocrx_word' id='word_1_52' title='bbox 1194 1001 1274 1072; x_wconf 84' lang='lat' dir='ltr'><strong>Quae</strong></span> <span class='ocrx_word' id='word_1_53' title='bbox 1298 1003 1396 1062; x_wconf 90' lang='lat' dir='ltr'><strong>omnia</strong></span> 
     </span>
     <span class='ocr_line' id='line_1_8' title="bbox 221 1097 1397 1181; baseline 0.001 -24"><span class='ocrx_word' id='word_1_54' title='bbox 221 1115 292 1158; x_wconf 92' lang='lat' dir='ltr'><strong>cum</strong></span> <span class='ocrx_word' id='word_1_55' title='bbox 324 1115 428 1177; x_wconf 84' lang='lat' dir='ltr'><strong>magna</strong></span> <span class='ocrx_word' id='word_1_56' title='bbox 461 1117 497 1159; x_wconf 89' lang='lat' dir='ltr'><strong>ex</strong></span> <span class='ocrx_word' id='word_1_57' title='bbox 530 1108 614 1178; x_wconf 91' lang='lat' dir='ltr'><strong>parte</strong></span> <span class='ocrx_word' id='word_1_58' title='bbox 649 1097 788 1176; x_wconf 81' lang='lat' dir='ltr'><strong>cognosci</strong></span> <span class='ocrx_word' id='word_1_59' title='bbox 820 1115 881 1157; x_wconf 91' lang='lat' dir='ltr'><strong>non</strong></span> <span class='ocrx_word' id='word_1_60' title='bbox 912 1107 1036 1177; x_wconf 81' lang='lat' dir='ltr'><strong>possent</strong></span> <span class='ocrx_word' id='word_1_61' title='bbox 1062 1101 1120 1159; x_wconf 91' lang='lat' dir='ltr'><strong>nisi</strong></span> <span class='ocrx_word' id='word_1_62' title='bbox 1148 1117 1185 1160; x_wconf 86' lang='lat' dir='ltr'><strong>ex</strong></span> <span class='ocrx_word' id='word_1_63' title='bbox 1212 1100 1397 1181; x_wconf 82' lang='lat' dir='ltr'><strong>antiquitate,</strong></span> 
     </span>
     <span class='ocr_line' id='line_1_9' title="bbox 221 1193 1396 1276; baseline 0.002 -22"><span class='ocrx_word' id='word_1_64' title='bbox 221 1194 397 1256; x_wconf 85' lang='lat' dir='ltr'><strong>Ciceronem</strong></span> <span class='ocrx_word' id='word_1_65' title='bbox 421 1205 543 1276; x_wconf 90' lang='lat' dir='ltr'><strong>apparet</strong></span> <span class='ocrx_word' id='word_1_66' title='bbox 565 1201 647 1256; x_wconf 88' lang='lat' dir='ltr'><strong>recte</strong></span> <span class='ocrx_word' id='word_1_67' title='bbox 671 1194 771 1255; x_wconf 91' lang='lat' dir='ltr'><strong>dicere</strong></span> <span class='ocrx_word' id='word_1_68' title='bbox 793 1193 908 1255; x_wconf 80' lang='lat' dir='ltr'><strong>Aelium</strong></span> <span class='ocrx_word' id='word_1_69' title='bbox 937 1197 1121 1276; x_wconf 88' lang='lat' dir='ltr'><strong>antiquitatis</strong></span> <span class='ocrx_word' id='word_1_70' title='bbox 1139 1198 1288 1258; x_wconf 89' lang='lat' dir='ltr'><strong>Romanae</strong></span> <span class='ocrx_word' id='word_1_71' title='bbox 1313 1205 1343 1257; x_wconf 91' lang='lat' dir='ltr'><strong>et</strong></span> <span class='ocrx_word' id='word_1_72' title='bbox 1364 1199 1396 1256; x_wconf 93' lang='lat' dir='ltr'><strong>in</strong></span> 
     </span>
     <span class='ocr_line' id='line_1_10' title="bbox 221 1289 1395 1377; baseline 0.003 -26"><span class='ocrx_word' id='word_1_73' title='bbox 221 1293 355 1352; x_wconf 89' lang='lat' dir='ltr'><strong>inuentis</strong></span> <span class='ocrx_word' id='word_1_74' title='bbox 385 1300 414 1352; x_wconf 94' lang='lat' dir='ltr'><strong>et</strong></span> <span class='ocrx_word' id='word_1_75' title='bbox 441 1295 472 1352; x_wconf 92' lang='lat' dir='ltr'><strong>in</strong></span> <span class='ocrx_word' id='word_1_76' title='bbox 501 1295 574 1353; x_wconf 91' lang='lat' dir='ltr'><strong>actis</strong></span> <span class='ocrx_word' id='word_1_77' title='bbox 597 1293 655 1353; x_wconf 92' lang='lat' dir='ltr'><strong>late</strong></span> <span class='ocrx_word' id='word_1_78' title='bbox 689 1292 780 1352; x_wconf 88' lang='lat' dir='ltr'><strong>luisse</strong></span> <span class='ocrx_word' id='word_1_79' title='bbox 808 1293 951 1374; x_wconf 88' lang='lat' dir='ltr'><strong>peritum,</strong></span> <span class='ocrx_word' id='word_1_80' title='bbox 981 1291 1033 1353; x_wconf 92' lang='lat' dir='ltr'><strong>uhi</strong></span> <span class='ocrx_word' id='word_1_81' title='bbox 1061 1302 1124 1354; x_wconf 89' lang='lat' dir='ltr'><strong>acta</strong></span> <span class='ocrx_word' id='word_1_82' title='bbox 1148 1289 1289 1377; x_wconf 78' lang='lat' dir='ltr'><strong>Balius¹)</strong></span> <span class='ocrx_word' id='word_1_83' title='bbox 1314 1303 1395 1355; x_wconf 88' lang='lat' dir='ltr'><strong>recte</strong></span> 
     </span>
     <span class='ocr_line' id='line_1_11' title="bbox 220 1388 1396 1474; baseline 0.004 -27"><span class='ocrx_word' id='word_1_84' title='bbox 220 1388 295 1450; x_wconf 90' lang='lat' dir='ltr'><strong>dicit</strong></span> <span class='ocrx_word' id='word_1_85' title='bbox 322 1389 479 1450; x_wconf 80' lang='lat' dir='ltr'><strong>referenda</strong></span> <span class='ocrx_word' id='word_1_86' title='bbox 508 1408 574 1451; x_wconf 91' lang='lat' dir='ltr'><strong>esse</strong></span> <span class='ocrx_word' id='word_1_87' title='bbox 603 1389 638 1450; x_wconf 91' lang='lat' dir='ltr'><strong>ad</strong></span> <span class='ocrx_word' id='word_1_88' title='bbox 667 1389 808 1450; x_wconf 81' lang='lat' dir='ltr'><strong>historiae</strong></span> <span class='ocrx_word' id='word_1_89' title='bbox 839 1399 960 1470; x_wconf 89' lang='lat' dir='ltr'><strong>euenta,</strong></span> <span class='ocrx_word' id='word_1_90' title='bbox 988 1392 1066 1451; x_wconf 89' lang='lat' dir='ltr'><strong>sicut</strong></span> <span class='ocrx_word' id='word_1_91' title='bbox 1087 1392 1209 1452; x_wconf 88' lang='lat' dir='ltr'><strong>inuenta</strong></span> <span class='ocrx_word' id='word_1_92' title='bbox 1233 1391 1269 1452; x_wconf 93' lang='lat' dir='ltr'><strong>ad</strong></span> <span class='ocrx_word' id='word_1_93' title='bbox 1289 1409 1396 1474; x_wconf 89' lang='lat' dir='ltr'><strong>mores,</strong></span> 
     </span>
     <span class='ocr_line' id='line_1_12' title="bbox 221 1482 1218 1572; baseline 0.004 -27"><span class='ocrx_word' id='word_1_94' title='bbox 221 1483 259 1545; x_wconf 90' lang='lat' dir='ltr'><strong>ad</strong></span> <span class='ocrx_word' id='word_1_95' title='bbox 281 1487 431 1568; x_wconf 91' lang='lat' dir='ltr'><strong>instituta,</strong></span> <span class='ocrx_word' id='word_1_96' title='bbox 454 1485 490 1547; x_wconf 92' lang='lat' dir='ltr'><strong>ad</strong></span> <span class='ocrx_word' id='word_1_97' title='bbox 513 1485 661 1565; x_wconf 86' lang='lat' dir='ltr'><strong>publicam</strong></span> <span class='ocrx_word' id='word_1_98' title='bbox 685 1489 890 1565; x_wconf 84' lang='lat' dir='ltr'><strong>priuatamque</strong></span> <span class='ocrx_word' id='word_1_99' title='bbox 914 1482 1142 1572; x_wconf 79' lang='lat' dir='ltr'><strong>disciplinam.²)</strong></span> <span class='ocrx_word' id='word_1_100' title='bbox 1217 1553 1218 1558; x_wconf 55' lang='grc'>,</span> 
     </span>
    </p>

    <p class='ocr_par' dir='ltr' id='par_1_3' title="bbox 218 1579 1396 2931">
     <span class='ocr_line' id='line_1_13' title="bbox 311 1579 1396 1668; baseline 0.004 -25"><span class='ocrx_word' id='word_1_101' title='bbox 311 1583 353 1644; x_wconf 89' lang='lat' dir='ltr'><strong>De</strong></span> <span class='ocrx_word' id='word_1_102' title='bbox 369 1583 445 1644; x_wconf 80' lang='lat' dir='ltr'><strong>helii</strong></span> <span class='ocrx_word' id='word_1_103' title='bbox 460 1585 566 1645; x_wconf 89' lang='lat' dir='ltr'><strong>studiis</strong></span> <span class='ocrx_word' id='word_1_104' title='bbox 586 1583 744 1644; x_wconf 89' lang='lat' dir='ltr'><strong>rhetoricis</strong></span> <span class='ocrx_word' id='word_1_105' title='bbox 761 1591 880 1662; x_wconf 90' lang='lat' dir='ltr'><strong>praeter</strong></span> <span class='ocrx_word' id='word_1_106' title='bbox 897 1579 1104 1668; x_wconf 78' lang='lat' dir='ltr'><strong>Ciceronem³)</strong></span> <span class='ocrx_word' id='word_1_107' title='bbox 1124 1593 1216 1646; x_wconf 90' lang='lat' dir='ltr'><strong>testes</strong></span> <span class='ocrx_word' id='word_1_108' title='bbox 1233 1595 1303 1647; x_wconf 92' lang='lat' dir='ltr'><strong>sunt</strong></span> <span class='ocrx_word' id='word_1_109' title='bbox 1323 1586 1396 1648; x_wconf 89' lang='lat' dir='ltr'><strong>Sue·</strong></span> 
     </span>
     <span class='ocr_line' id='line_1_14' title="bbox 221 1675 1396 1766; baseline 0.003 -24"><span class='ocrx_word' id='word_1_110' title='bbox 221 1682 323 1742; x_wconf 91' lang='lat' dir='ltr'><strong>tonius</strong></span> <span class='ocrx_word' id='word_1_111' title='bbox 334 1679 366 1761; x_wconf 89' lang='lat'><strong>(1.</strong></span> <span class='ocrx_word' id='word_1_112' title='bbox 377 1676 417 1764; x_wconf 89' lang='lat' dir='ltr'><strong>c.)</strong></span> <span class='ocrx_word' id='word_1_113' title='bbox 428 1680 579 1743; x_wconf 86' lang='lat' dir='ltr'><strong>etFronto</strong></span> <span class='ocrx_word' id='word_1_114' title='bbox 594 1675 661 1762; x_wconf 84' lang='lat' dir='ltr'><strong>(Ep.</strong></span> <span class='ocrx_word' id='word_1_115' title='bbox 672 1681 708 1741; x_wconf 92' lang='lat' dir='ltr'><strong>ad</strong></span> <span class='ocrx_word' id='word_1_116' title='bbox 720 1681 802 1741; x_wconf 85' lang='lat' dir='ltr'><strong>Caes.</strong></span> <span class='ocrx_word' id='word_1_117' title='bbox 813 1689 842 1741; x_wconf 94' lang='lat' dir='ltr'><strong>et</strong></span> <span class='ocrx_word' id='word_1_118' title='bbox 852 1679 936 1742; x_wconf 84' lang='lat' dir='ltr'><strong>inul</strong></span> <span class='ocrx_word' id='word_1_119' title='bbox 952 1677 1024 1764; x_wconf 54' lang='lat' dir='ltr'><strong>lf=</strong></span> <span class='ocrx_word' id='word_1_120' title='bbox 1035 1690 1102 1744; x_wconf 91' lang='lat' dir='ltr'><strong>test.</strong></span> <span class='ocrx_word' id='word_1_121' title='bbox 1112 1679 1171 1766; x_wconf 99' lang='grc'><strong>25)</strong></span> <span class='ocrx_word' id='word_1_122' title='bbox 1185 1702 1282 1765; x_wconf 91' lang='lat' dir='ltr'><strong>neque</strong></span> <span class='ocrx_word' id='word_1_123' title='bbox 1298 1693 1396 1746; x_wconf 90' lang='lat' dir='ltr'><strong>tamen</strong></span> 
     </span>
     <span class='ocr_line' id='line_1_15' title="bbox 220 1776 1396 1861; baseline 0.004 -23"><span class='ocrx_word' id='word_1_124' title='bbox 220 1778 314 1839; x_wconf 91' lang='lat' dir='ltr'><strong>multa</strong></span> <span class='ocrx_word' id='word_1_125' title='bbox 332 1776 370 1839; x_wconf 92' lang='lat' dir='ltr'><strong>de</strong></span> <span class='ocrx_word' id='word_1_126' title='bbox 388 1780 432 1839; x_wconf 93' lang='lat' dir='ltr'><strong>eis</strong></span> <span class='ocrx_word' id='word_1_127' title='bbox 452 1778 620 1840; x_wconf 90' lang='lat' dir='ltr'><strong>traduntur.</strong></span> <span class='ocrx_word' id='word_1_128' title='bbox 657 1777 749 1838; x_wconf 94' lang='lat' dir='ltr'><strong>lmmo</strong></span> <span class='ocrx_word' id='word_1_129' title='bbox 776 1797 812 1838; x_wconf 85' lang='lat' dir='ltr'><strong>ex</strong></span> <span class='ocrx_word' id='word_1_130' title='bbox 832 1778 984 1839; x_wconf 84' lang='lat' dir='ltr'><strong>Ciceronis</strong></span> <span class='ocrx_word' id='word_1_131' title='bbox 1004 1779 1068 1841; x_wconf 94' lang='lat' dir='ltr'><strong>loco</strong></span> <span class='ocrx_word' id='word_1_132' title='bbox 1090 1790 1213 1861; x_wconf 89' lang='lat' dir='ltr'><strong>apparet</strong></span> <span class='ocrx_word' id='word_1_133' title='bbox 1231 1780 1346 1843; x_wconf 80' lang='lat' dir='ltr'><strong>Aelium</strong></span> <span class='ocrx_word' id='word_1_134' title='bbox 1364 1785 1396 1843; x_wconf 92' lang='lat' dir='ltr'><strong>in</strong></span> 
     </span>
     <span class='ocr_line' id='line_1_16' title="bbox 220 1869 1396 1957; baseline 0.003 -21"><span class='ocrx_word' id='word_1_135' title='bbox 220 1873 390 1955; x_wconf 88' lang='lat' dir='ltr'><strong>eloquentia</strong></span> <span class='ocrx_word' id='word_1_136' title='bbox 409 1893 469 1936; x_wconf 93' lang='lat' dir='ltr'><strong>non</strong></span> <span class='ocrx_word' id='word_1_137' title='bbox 487 1878 529 1936; x_wconf 87' lang='lat' dir='ltr'><strong>ita</strong></span> <span class='ocrx_word' id='word_1_138' title='bbox 547 1873 673 1936; x_wconf 93' lang='lat' dir='ltr'><strong>multum</strong></span> <span class='ocrx_word' id='word_1_139' title='bbox 691 1869 903 1957; x_wconf 79' lang='lat' dir='ltr'><strong>proiecisse4),</strong></span> <span class='ocrx_word' id='word_1_140' title='bbox 930 1878 987 1937; x_wconf 93' lang='lat' dir='ltr'><strong>etsi</strong></span> <span class='ocrx_word' id='word_1_141' title='bbox 1005 1879 1130 1939; x_wconf 82' lang='lat' dir='ltr'><strong>fortasse</strong></span> <span class='ocrx_word' id='word_1_142' title='bbox 1153 1898 1220 1940; x_wconf 90' lang='lat' dir='ltr'><strong>cum</strong></span> <span class='ocrx_word' id='word_1_143' title='bbox 1245 1898 1304 1939; x_wconf 91' lang='lat' dir='ltr'><strong>una</strong></span> <span class='ocrx_word' id='word_1_144' title='bbox 1327 1899 1396 1940; x_wconf 93' lang='lat' dir='ltr'><strong>cum</strong></span> 
     </span>
     <span class='ocr_line' id='line_1_17' title="bbox 219 1967 1394 2058; baseline 0.003 -26"><span class='ocrx_word' id='word_1_145' title='bbox 219 1972 338 2034; x_wconf 90' lang='lat' dir='ltr'><strong>Metello</strong></span> <span class='ocrx_word' id='word_1_146' title='bbox 367 1971 520 2033; x_wconf 85' lang='lat' dir='ltr'><strong>exsulante</strong></span> <span class='ocrx_word' id='word_1_147' title='bbox 542 1969 640 2032; x_wconf 85' lang='lat' dir='ltr'><strong>Rhodi</strong></span> <span class='ocrx_word' id='word_1_148' title='bbox 669 1981 749 2032; x_wconf 90' lang='lat' dir='ltr'><strong>esset</strong></span> <span class='ocrx_word' id='word_1_149' title='bbox 777 1967 856 2055; x_wconf 85' lang='lat' dir='ltr'><strong>(Liu.</strong></span> <span class='ocrx_word' id='word_1_150' title='bbox 880 1975 950 2052; x_wconf 89' lang='lat' dir='ltr'><strong>epit.</strong></span> <span class='ocrx_word' id='word_1_151' title='bbox 974 1967 1032 2058; x_wconf 87' lang='lat'><strong>69)</strong></span> <span class='ocrx_word' id='word_1_152' title='bbox 1061 1973 1249 2054; x_wconf 79' lang='lat' dir='ltr'><strong>Apollonium</strong></span> <span class='ocrx_word' id='word_1_153' title='bbox 1272 1974 1394 2043; x_wconf 75' lang='lat' dir='ltr'><strong>Alaban-</strong></span> 
     </span>
     <span class='ocr_line' id='line_1_18' title="bbox 219 2067 1395 2153; baseline 0.003 -24"><span class='ocrx_word' id='word_1_154' title='bbox 219 2070 352 2151; x_wconf 90' lang='lat' dir='ltr'><strong>densem,</strong></span> <span class='ocrx_word' id='word_1_155' title='bbox 376 2087 526 2130; x_wconf 91' lang='lat' dir='ltr'><strong>summum</strong></span> <span class='ocrx_word' id='word_1_156' title='bbox 545 2067 730 2148; x_wconf 88' lang='lat' dir='ltr'><strong>eloquentiae</strong></span> <span class='ocrx_word' id='word_1_157' title='bbox 750 2073 933 2151; x_wconf 83' lang='lat' dir='ltr'><strong>magistrum,</strong></span> <span class='ocrx_word' id='word_1_158' title='bbox 957 2071 1121 2135; x_wconf 89' lang='lat' dir='ltr'><strong>audiuerat.</strong></span> <span class='ocrx_word' id='word_1_159' title='bbox 1158 2073 1254 2153; x_wconf 80' lang='lat' dir='ltr'><strong>Atque</strong></span> <span class='ocrx_word' id='word_1_160' title='bbox 1273 2092 1338 2135; x_wconf 92' lang='lat' dir='ltr'><strong>eam</strong></span> <span class='ocrx_word' id='word_1_161' title='bbox 1357 2073 1395 2134; x_wconf 92' lang='lat' dir='ltr'><strong>ob</strong></span> 
     </span>
     <span class='ocr_line' id='line_1_19' title="bbox 221 2166 1395 2253; baseline 0.003 -25"><span class='ocrx_word' id='word_1_162' title='bbox 221 2185 356 2246; x_wconf 91' lang='lat' dir='ltr'><strong>causam,</strong></span> <span class='ocrx_word' id='word_1_163' title='bbox 381 2167 459 2247; x_wconf 93' lang='lat' dir='ltr'><strong>quod</strong></span> <span class='ocrx_word' id='word_1_164' title='bbox 483 2167 587 2229; x_wconf 89' lang='lat' dir='ltr'><strong>Cicero</strong></span> <span class='ocrx_word' id='word_1_165' title='bbox 612 2166 707 2227; x_wconf 89' lang='lat' dir='ltr'><strong>studia</strong></span> <span class='ocrx_word' id='word_1_166' title='bbox 732 2169 796 2228; x_wconf 89' lang='lat' dir='ltr'><strong>eius</strong></span> <span class='ocrx_word' id='word_1_167' title='bbox 820 2168 969 2230; x_wconf 91' lang='lat' dir='ltr'><strong>rhetorica</strong></span> <span class='ocrx_word' id='word_1_168' title='bbox 992 2171 1113 2231; x_wconf 92' lang='lat' dir='ltr'><strong>minime</strong></span> <span class='ocrx_word' id='word_1_169' title='bbox 1137 2169 1250 2253; x_wconf 88' lang='lat' dir='ltr'><strong>laudat,</strong></span> <span class='ocrx_word' id='word_1_170' title='bbox 1277 2175 1395 2232; x_wconf 92' lang='lat' dir='ltr'><strong>nonita</strong></span> 
     </span>
     <span class='ocr_line' id='line_1_20' title="bbox 219 2259 1394 2348; baseline 0.003 -23"><span class='ocrx_word' id='word_1_171' title='bbox 219 2263 295 2325; x_wconf 93' lang='lat' dir='ltr'><strong>mihi</strong></span> <span class='ocrx_word' id='word_1_172' title='bbox 318 2259 439 2325; x_wconf 89' lang='lat' dir='ltr'><strong>uidetur</strong></span> <span class='ocrx_word' id='word_1_173' title='bbox 463 2263 638 2344; x_wconf 87' lang='lat' dir='ltr'><strong>uerisimile,</strong></span> <span class='ocrx_word' id='word_1_174' title='bbox 663 2263 742 2342; x_wconf 90' lang='lat' dir='ltr'><strong>quod</strong></span> <span class='ocrx_word' id='word_1_175' title='bbox 761 2264 862 2326; x_wconf 81' lang='lat' dir='ltr'><strong>Aelius</strong></span> <span class='ocrx_word' id='word_1_176' title='bbox 886 2265 976 2344; x_wconf 84' lang='lat' dir='ltr'><strong>uulgo</strong></span> <span class='ocrx_word' id='word_1_177' title='bbox 999 2262 1164 2348; x_wconf 80' lang='lat' dir='ltr'><strong>creditur⁵)</strong></span> <span class='ocrx_word' id='word_1_178' title='bbox 1188 2267 1341 2330; x_wconf 89' lang='lat' dir='ltr'><strong>Ciceronis</strong></span> <span class='ocrx_word' id='word_1_179' title='bbox 1364 2272 1394 2329; x_wconf 94' lang='lat' dir='ltr'><strong>in</strong></span> 
     </span>
     <span class='ocr_line' id='line_1_21' title="bbox 220 2361 1394 2443; baseline 0.007 -21"><span class='ocrx_word' id='word_1_180' title='bbox 220 2361 380 2422; x_wconf 89' lang='lat' dir='ltr'><strong>rhetoricis</strong></span> <span class='ocrx_word' id='word_1_181' title='bbox 402 2363 493 2423; x_wconf 88' lang='lat' dir='ltr'><strong>luisse</strong></span> <span class='ocrx_word' id='word_1_182' title='bbox 514 2364 669 2443; x_wconf 86' lang='lat' dir='ltr'><strong>magister;</strong></span> <span class='ocrx_word' id='word_1_183' title='bbox 687 2364 777 2422; x_wconf 93' lang='lat' dir='ltr'><strong>immo</strong></span> <span class='ocrx_word' id='word_1_184' title='bbox 796 2364 916 2422; x_wconf 92' lang='lat' dir='ltr'><strong>omnino</strong></span> <span class='ocrx_word' id='word_1_185' title='bbox 936 2381 1088 2443; x_wconf 89' lang='lat' dir='ltr'><strong>nunquam</strong></span> <span class='ocrx_word' id='word_1_186' title='bbox 1110 2366 1184 2426; x_wconf 91' lang='lat' dir='ltr'><strong>mihi</strong></span> <span class='ocrx_word' id='word_1_187' title='bbox 1206 2368 1326 2429; x_wconf 88' lang='lat' dir='ltr'><strong>uidetur</strong></span> <span class='ocrx_word' id='word_1_188' title='bbox 1345 2387 1394 2430; x_wconf 86' lang='lat' dir='ltr'><strong>ex-</strong></span> 
     </span>
     <span class='ocr_line' id='line_1_22' title="bbox 220 2459 1394 2542; baseline 0.006 -22"><span class='ocrx_word' id='word_1_189' title='bbox 220 2462 334 2520; x_wconf 90' lang='lat' dir='ltr'><strong>stitisse</strong></span> <span class='ocrx_word' id='word_1_190' title='bbox 354 2459 540 2539; x_wconf 89' lang='lat' dir='ltr'><strong>eloquentiae</strong></span> <span class='ocrx_word' id='word_1_191' title='bbox 559 2468 744 2542; x_wconf 89' lang='lat' dir='ltr'><strong>praeoeptor,</strong></span> <span class='ocrx_word' id='word_1_192' title='bbox 763 2459 815 2521; x_wconf 91' lang='lat' dir='ltr'><strong>sed</strong></span> <span class='ocrx_word' id='word_1_193' title='bbox 835 2462 941 2522; x_wconf 92' lang='lat' dir='ltr'><strong>studiis</strong></span> <span class='ocrx_word' id='word_1_194' title='bbox 961 2465 1024 2523; x_wconf 92' lang='lat' dir='ltr'><strong>suis</strong></span> <span class='ocrx_word' id='word_1_195' title='bbox 1042 2464 1201 2525; x_wconf 90' lang='lat' dir='ltr'><strong>rhetoricis</strong></span> <span class='ocrx_word' id='word_1_196' title='bbox 1220 2468 1263 2526; x_wconf 91' lang='lat' dir='ltr'><strong>sio</strong></span> <span class='ocrx_word' id='word_1_197' title='bbox 1279 2475 1394 2527; x_wconf 88' lang='lat' dir='ltr'><strong>tantum</strong></span> 
     </span>
     <span class='ocr_line' id='line_1_23' title="bbox 219 2556 1393 2643; baseline 0.005 -24"><span class='ocrx_word' id='word_1_198' title='bbox 219 2575 295 2619; x_wconf 89' lang='lat' dir='ltr'><strong>usus</strong></span> <span class='ocrx_word' id='word_1_199' title='bbox 309 2576 384 2636; x_wconf 92' lang='lat' dir='ltr'><strong>esse,</strong></span> <span class='ocrx_word' id='word_1_200' title='bbox 395 2565 429 2618; x_wconf 89' lang='lat' dir='ltr'><strong>ut</strong></span> <span class='ocrx_word' id='word_1_201' title='bbox 443 2556 507 2618; x_wconf 92' lang='lat' dir='ltr'><strong>aliis</strong></span> <span class='ocrx_word' id='word_1_202' title='bbox 522 2560 673 2619; x_wconf 89' lang='lat' dir='ltr'><strong>orationes</strong></span> <span class='ocrx_word' id='word_1_203' title='bbox 687 2557 842 2640; x_wconf 85' lang='lat' dir='ltr'><strong>scriberet,</strong></span> <span class='ocrx_word' id='word_1_204' title='bbox 852 2559 1002 2620; x_wconf 92' lang='lat' dir='ltr'><strong>interdum</strong></span> <span class='ocrx_word' id='word_1_205' title='bbox 1016 2560 1245 2641; x_wconf 88' lang='lat' dir='ltr'><strong>haudquaquam</strong></span> <span class='ocrx_word' id='word_1_206' title='bbox 1259 2566 1393 2643; x_wconf 91' lang='lat' dir='ltr'><strong>optimas.</strong></span> 
     </span>
     <span class='ocr_line' id='line_1_24' title="bbox 218 2643 1393 2742; baseline 0.005 -26"><span class='ocrx_word' id='word_1_207' title='bbox 218 2643 346 2716; x_wconf 81' lang='lat' dir='ltr'><strong>Audisse</strong></span> <span class='ocrx_word' id='word_1_208' title='bbox 377 2663 475 2717; x_wconf 91' lang='lat' dir='ltr'><strong>tamen</strong></span> <span class='ocrx_word' id='word_1_209' title='bbox 504 2655 680 2717; x_wconf 86' lang='lat' dir='ltr'><strong>Ciceronem</strong></span> <span class='ocrx_word' id='word_1_210' title='bbox 706 2653 822 2716; x_wconf 80' lang='lat' dir='ltr'><strong>Aelium</strong></span> <span class='ocrx_word' id='word_1_211' title='bbox 849 2675 918 2718; x_wconf 92' lang='lat' dir='ltr'><strong>cum</strong></span> <span class='ocrx_word' id='word_1_212' title='bbox 945 2666 1075 2740; x_wconf 90' lang='lat' dir='ltr'><strong>constet,</strong></span> <span class='ocrx_word' id='word_1_213' title='bbox 1102 2677 1152 2719; x_wconf 90' lang='lat' dir='ltr'><strong>res</strong></span> <span class='ocrx_word' id='word_1_214' title='bbox 1179 2664 1393 2742; x_wconf 82' lang='lat' dir='ltr'><strong>grammaticas,</strong></span> 
     </span>
     <span class='ocr_line' id='line_1_25' title="bbox 219 2752 1393 2838; baseline 0.005 -26"><span class='ocrx_word' id='word_1_215' title='bbox 219 2752 330 2832; x_wconf 93' lang='lat' dir='ltr'><strong>quihus</strong></span> <span class='ocrx_word' id='word_1_216' title='bbox 356 2760 458 2812; x_wconf 90' lang='lat' dir='ltr'><strong>orator</strong></span> <span class='ocrx_word' id='word_1_217' title='bbox 481 2755 601 2813; x_wconf 90' lang='lat' dir='ltr'><strong>minime</strong></span> <span class='ocrx_word' id='word_1_218' title='bbox 622 2770 724 2813; x_wconf 88' lang='lat' dir='ltr'><strong>carere</strong></span> <span class='ocrx_word' id='word_1_219' title='bbox 742 2757 840 2833; x_wconf 94' lang='lat' dir='ltr'><strong>potuit</strong></span> <span class='ocrx_word' id='word_1_220' title='bbox 863 2757 893 2814; x_wconf 87' lang='lat' dir='ltr'><strong>et</strong></span> <span class='ocrx_word' id='word_1_221' title='bbox 911 2773 1037 2834; x_wconf 90' lang='lat' dir='ltr'><strong>quarum</strong></span> <span class='ocrx_word' id='word_1_222' title='bbox 1052 2757 1154 2817; x_wconf 81' lang='lat' dir='ltr'><strong>helius</strong></span> <span class='ocrx_word' id='word_1_223' title='bbox 1172 2761 1260 2818; x_wconf 93' lang='lat' dir='ltr'><strong>unice</strong></span> <span class='ocrx_word' id='word_1_224' title='bbox 1278 2762 1393 2838; x_wconf 91' lang='lat' dir='ltr'><strong>peritus</strong></span> 
     </span>
     <span class='ocr_line' id='line_1_26' title="bbox 218 2849 726 2931; baseline 0.006 -22"><span class='ocrx_word' id='word_1_225' title='bbox 218 2857 293 2931; x_wconf 89' lang='lat' dir='ltr'><strong>erat,</strong></span> <span class='ocrx_word' id='word_1_226' title='bbox 317 2849 352 2909; x_wconf 92' lang='lat' dir='ltr'><strong>ab</strong></span> <span class='ocrx_word' id='word_1_227' title='bbox 377 2869 411 2910; x_wconf 93' lang='lat' dir='ltr'><strong>eo</strong></span> <span class='ocrx_word' id='word_1_228' title='bbox 435 2849 555 2912; x_wconf 90' lang='lat' dir='ltr'><strong>uidetur</strong></span> <span class='ocrx_word' id='word_1_229' title='bbox 578 2851 726 2912; x_wconf 89' lang='lat' dir='ltr'><strong>didicisse.</strong></span> 
     </span>
    </p>
   </div>
   <div class='ocr_carea' id='block_1_3' title="bbox 712 3047 907 3126">
    <p class='ocr_par' dir='ltr' id='par_1_4' title="bbox 712 3047 907 3126">
     <span class='ocr_line' id='line_1_27' title="bbox 712 3047 907 3126; baseline 0.005 -19"><span class='ocrx_word' id='word_1_230' title='bbox 712 3047 829 3126; x_wconf 77' lang='lat' dir='ltr'><strong>Caput</strong></span> <span class='ocrx_word' id='word_1_231' title='bbox 851 3049 907 3108; x_wconf 88' lang='lat' dir='ltr'><strong>HI.</strong></span> 
     </span>
    </p>
   </div>
   <div class='ocr_carea' id='block_1_4' title="bbox 512 3183 1105 3274">
    <p class='ocr_par' dir='ltr' id='par_1_5' title="bbox 512 3183 1105 3274">
     <span class='ocr_line' id='line_1_28' title="bbox 512 3183 1105 3274; baseline 0.01 -26"><span class='ocrx_word' id='word_1_232' title='bbox 512 3183 571 3251; x_wconf 90' lang='lat' dir='ltr'><strong>De</strong></span> <span class='ocrx_word' id='word_1_233' title='bbox 594 3184 704 3250; x_wconf 85' lang='lat' dir='ltr'><strong>Aelii</strong></span> <span class='ocrx_word' id='word_1_234' title='bbox 729 3185 902 3274; x_wconf 70' lang='lat' dir='ltr'><strong>Stilonis</strong></span> <span class='ocrx_word' id='word_1_235' title='bbox 927 3188 1105 3268; x_wconf 76' lang='lat' dir='ltr'><strong>scriptis.</strong></span> 
     </span>
    </p>
   </div>
   <div class='ocr_carea' id='block_1_5' title="bbox 178 3329 1391 4096">
    <p class='ocr_par' dir='ltr' id='par_1_6' title="bbox 178 3329 1391 4096">
     <span class='ocr_line' id='line_1_29' title="bbox 308 3329 1391 3414; baseline 0.005 -25"><span class='ocrx_word' id='word_1_236' title='bbox 308 3329 382 3389; x_wconf 81' lang='lat' dir='ltr'><strong>Aelii</strong></span> <span class='ocrx_word' id='word_1_237' title='bbox 407 3331 530 3410; x_wconf 91' lang='lat' dir='ltr'><strong>scripta,</strong></span> <span class='ocrx_word' id='word_1_238' title='bbox 554 3347 628 3408; x_wconf 90' lang='lat' dir='ltr'><strong>qaae</strong></span> <span class='ocrx_word' id='word_1_239' title='bbox 652 3347 707 3406; x_wconf 93' lang='lat' dir='ltr'><strong>pro</strong></span> <span class='ocrx_word' id='word_1_240' title='bbox 731 3337 814 3390; x_wconf 92' lang='lat' dir='ltr'><strong>certo</strong></span> <span class='ocrx_word' id='word_1_241' title='bbox 839 3333 866 3390; x_wconf 93' lang='lat' dir='ltr'><strong>ei</strong></span> <span class='ocrx_word' id='word_1_242' title='bbox 893 3341 1019 3410; x_wconf 88' lang='lat' dir='ltr'><strong>possunt</strong></span> <span class='ocrx_word' id='word_1_243' title='bbox 1042 3332 1184 3414; x_wconf 88' lang='lat' dir='ltr'><strong>adscribi,</strong></span> <span class='ocrx_word' id='word_1_244' title='bbox 1211 3333 1284 3392; x_wconf 90' lang='lat' dir='ltr'><strong>haec</strong></span> <span class='ocrx_word' id='word_1_245' title='bbox 1308 3342 1391 3394; x_wconf 89' lang='lat' dir='ltr'><strong>sunt:</strong></span> 
     </span>
     <span class='ocr_line' id='line_1_30' title="bbox 178 3422 1390 3512; baseline 0.004 -26"><span class='ocrx_word' id='word_1_246' title='bbox 178 3452 184 3459; x_wconf 92' lang='lat'>·</span> <span class='ocrx_word' id='word_1_247' title='bbox 222 3423 254 3508; x_wconf 91' lang='lat'><strong>1)</strong></span> <span class='ocrx_word' id='word_1_248' title='bbox 279 3427 444 3506; x_wconf 85' lang='lat' dir='ltr'><strong>explanatio</strong></span> <span class='ocrx_word' id='word_1_249' title='bbox 472 3422 550 3508; x_wconf 89' lang='lat' dir='ltr'><strong>(siue</strong></span> <span class='ocrx_word' id='word_1_250' title='bbox 579 3422 810 3508; x_wconf 57' lang='lat' dir='ltr'><strong>interpretatio)</strong></span> <span class='ocrx_word' id='word_1_251' title='bbox 824 3431 988 3488; x_wconf 89' lang='lat' dir='ltr'><strong>carminum</strong></span> <span class='ocrx_word' id='word_1_252' title='bbox 1008 3428 1164 3491; x_wconf 90' lang='lat' dir='ltr'><strong>Saliarium</strong></span> <span class='ocrx_word' id='word_1_253' title='bbox 1187 3425 1293 3512; x_wconf 84' lang='lat' dir='ltr'><strong>(Varro</strong></span> <span class='ocrx_word' id='word_1_254' title='bbox 1316 3431 1353 3491; x_wconf 94' lang='lat' dir='ltr'><strong>de</strong></span> <span class='ocrx_word' id='word_1_255' title='bbox 1372 3431 1390 3491; x_wconf 87' lang='lat' dir='ltr'><strong>l.</strong></span> 
     </span>
     <span class='ocr_line' id='line_1_31' title="bbox 218 3520 1390 3610; baseline 0.003 -27"><span class='ocrx_word' id='word_1_256' title='bbox 218 3523 282 3585; x_wconf 88' lang='lat' dir='ltr'><strong>Lat.</strong></span> <span class='ocrx_word' id='word_1_257' title='bbox 295 3523 347 3583; x_wconf 90' lang='lat' dir='ltr'><strong>Vll</strong></span> <span class='ocrx_word' id='word_1_258' title='bbox 361 3523 391 3605; x_wconf 80' lang='lat'><strong>2,</strong></span> <span class='ocrx_word' id='word_1_259' title='bbox 405 3523 513 3585; x_wconf 83' lang='lat' dir='ltr'><strong>Festus</strong></span> <span class='ocrx_word' id='word_1_260' title='bbox 527 3545 554 3604; x_wconf 93' lang='lat' dir='ltr'><strong>p.</strong></span> <span class='ocrx_word' id='word_1_261' title='bbox 570 3523 631 3585; x_wconf 86' lang='grc'><strong>141</strong></span> <span class='ocrx_word' id='word_1_262' title='bbox 647 3521 710 3605; x_wconf 86' lang='grc' dir='ltr'><strong>Μ.)</strong></span> <span class='ocrx_word' id='word_1_263' title='bbox 734 3520 770 3606; x_wconf 98' lang='grc'><strong>2)</strong></span> <span class='ocrx_word' id='word_1_264' title='bbox 789 3525 902 3585; x_wconf 91' lang='lat' dir='ltr'><strong>indices</strong></span> <span class='ocrx_word' id='word_1_265' title='bbox 917 3524 1013 3586; x_wconf 91' lang='lat' dir='ltr'><strong>Plauti</strong></span> <span class='ocrx_word' id='word_1_266' title='bbox 1029 3522 1114 3608; x_wconf 83' lang='lat' dir='ltr'><strong>(Call.</strong></span> <span class='ocrx_word' id='word_1_267' title='bbox 1129 3524 1228 3610; x_wconf 87' lang='lat'><strong>1113).</strong></span> <span class='ocrx_word' id='word_1_268' title='bbox 1256 3523 1291 3610; x_wconf 89' lang='grc'><strong>3)</strong></span> <span class='ocrx_word' id='word_1_269' title='bbox 1312 3547 1390 3588; x_wconf 89' lang='lat' dir='ltr'><strong>com-</strong></span> 
     </span>
     <span class='ocr_line' id='line_1_32' title="bbox 218 3619 1390 3706; baseline 0.005 -26"><span class='ocrx_word' id='word_1_270' title='bbox 218 3623 382 3682; x_wconf 88' lang='lat' dir='ltr'><strong>mentarius</strong></span> <span class='ocrx_word' id='word_1_271' title='bbox 410 3623 446 3682; x_wconf 93' lang='lat' dir='ltr'><strong>de</strong></span> <span class='ocrx_word' id='word_1_272' title='bbox 475 3622 639 3702; x_wconf 89' lang='lat' dir='ltr'><strong>proloquiis</strong></span> <span class='ocrx_word' id='word_1_273' title='bbox 666 3619 752 3702; x_wconf 86' lang='lat' dir='ltr'><strong>(Gall.</strong></span> <span class='ocrx_word' id='word_1_274' title='bbox 772 3621 835 3682; x_wconf 89' lang='lat' dir='ltr'><strong>XVl</strong></span> <span class='ocrx_word' id='word_1_275' title='bbox 855 3619 898 3705; x_wconf 89' lang='lat'><strong>8).</strong></span> <span class='ocrx_word' id='word_1_276' title='bbox 943 3619 979 3706; x_wconf 89' lang='grc'><strong>4)</strong></span> <span class='ocrx_word' id='word_1_277' title='bbox 1008 3628 1158 3686; x_wconf 91' lang='lat' dir='ltr'><strong>orationes</strong></span> <span class='ocrx_word' id='word_1_278' title='bbox 1181 3625 1292 3705; x_wconf 90' lang='lat' dir='ltr'><strong>aliquot</strong></span> <span class='ocrx_word' id='word_1_279' title='bbox 1315 3624 1390 3704; x_wconf 81' lang='lat' dir='ltr'><strong>(Cic.</strong></span> 
     </span>
     <span class='ocr_line' id='line_1_33' title="bbox 218 3715 1389 3802; baseline 0.003 -24"><span class='ocrx_word' id='word_1_280' title='bbox 218 3718 301 3780; x_wconf 91' lang='lat' dir='ltr'><strong>Brut.</strong></span> <span class='ocrx_word' id='word_1_281' title='bbox 322 3715 511 3799; x_wconf 78' lang='lat'><strong>205-206,</strong></span> <span class='ocrx_word' id='word_1_282' title='bbox 541 3717 621 3779; x_wconf 89' lang='lat' dir='ltr'><strong>Suet.</strong></span> <span class='ocrx_word' id='word_1_283' title='bbox 646 3719 682 3780; x_wconf 91' lang='lat' dir='ltr'><strong>de</strong></span> <span class='ocrx_word' id='word_1_284' title='bbox 706 3739 749 3798; x_wconf 86' lang='lat' dir='ltr'><strong>gr.</strong></span> <span class='ocrx_word' id='word_1_285' title='bbox 769 3716 812 3802; x_wconf 87' lang='lat'><strong>3).</strong></span> <span class='ocrx_word' id='word_1_286' title='bbox 867 3717 902 3801; x_wconf 91' lang='grc'><strong>5)</strong></span> <span class='ocrx_word' id='word_1_287' title='bbox 933 3721 1042 3786; x_wconf 87' lang='lat' dir='ltr'><strong>Metelli</strong></span> <span class='ocrx_word' id='word_1_288' title='bbox 1070 3723 1218 3782; x_wconf 90' lang='lat' dir='ltr'><strong>Numidici</strong></span> <span class='ocrx_word' id='word_1_289' title='bbox 1245 3721 1389 3782; x_wconf 89' lang='lat' dir='ltr'><strong>librorum</strong></span> 
     </span>
     <span class='ocr_line' id='line_1_34' title="bbox 218 3811 1389 3900; baseline 0.003 -24"><span class='ocrx_word' id='word_1_290' title='bbox 218 3818 354 3876; x_wconf 92' lang='lat' dir='ltr'><strong>recensio</strong></span> <span class='ocrx_word' id='word_1_291' title='bbox 378 3811 502 3896; x_wconf 84' lang='lat' dir='ltr'><strong>(Fronto</strong></span> <span class='ocrx_word' id='word_1_292' title='bbox 527 3816 563 3876; x_wconf 90' lang='lat' dir='ltr'><strong>ad</strong></span> <span class='ocrx_word' id='word_1_293' title='bbox 587 3815 624 3875; x_wconf 89' lang='lat' dir='ltr'><strong>M.</strong></span> <span class='ocrx_word' id='word_1_294' title='bbox 647 3817 803 3877; x_wconf 86' lang='lat' dir='ltr'><strong>Caesarem</strong></span> <span class='ocrx_word' id='word_1_295' title='bbox 828 3826 858 3877; x_wconf 91' lang='lat' dir='ltr'><strong>et</strong></span> <span class='ocrx_word' id='word_1_296' title='bbox 880 3820 941 3878; x_wconf 87' lang='lat' dir='ltr'><strong>inu.</strong></span> <span class='ocrx_word' id='word_1_297' title='bbox 965 3816 1096 3900; x_wconf 81' lang='grc'><strong>17)-</strong></span> <span class='ocrx_word' id='word_1_298' title='bbox 1122 3819 1197 3879; x_wconf 82' lang='lat' dir='ltr'><strong>Aelii</strong></span> <span class='ocrx_word' id='word_1_299' title='bbox 1220 3821 1330 3898; x_wconf 91' lang='lat' dir='ltr'><strong>scripta</strong></span> <span class='ocrx_word' id='word_1_300' title='bbox 1353 3820 1389 3879; x_wconf 90' lang='lat' dir='ltr'><strong>de</strong></span> 
     </span>
     <span class='ocr_line' id='line_1_35' title="bbox 219 3912 1389 3998; baseline 0.004 -25"><span class='ocrx_word' id='word_1_301' title='bbox 219 3914 327 3992; x_wconf 88' lang='lat' dir='ltr'><strong>quibus</strong></span> <span class='ocrx_word' id='word_1_302' title='bbox 355 3913 509 3975; x_wconf 91' lang='lat' dir='ltr'><strong>dubitatur</strong></span> <span class='ocrx_word' id='word_1_303' title='bbox 538 3914 586 3974; x_wconf 94' lang='lat' dir='ltr'><strong>uel</strong></span> <span class='ocrx_word' id='word_1_304' title='bbox 609 3913 745 3974; x_wconf 89' lang='lat' dir='ltr'><strong>dubitare</strong></span> <span class='ocrx_word' id='word_1_305' title='bbox 770 3915 839 3973; x_wconf 89' lang='lat' dir='ltr'><strong>licet</strong></span> <span class='ocrx_word' id='word_1_306' title='bbox 867 3926 937 3975; x_wconf 91' lang='lat' dir='ltr'><strong>sunt</strong></span> <span class='ocrx_word' id='word_1_307' title='bbox 964 3915 1050 3976; x_wconf 92' lang='lat' dir='ltr'><strong>haec:</strong></span> <span class='ocrx_word' id='word_1_308' title='bbox 1087 3912 1118 3998; x_wconf 88' lang='lat'><strong>1)</strong></span> <span class='ocrx_word' id='word_1_309' title='bbox 1145 3915 1199 3975; x_wconf 88' lang='lat' dir='ltr'><strong>Xll</strong></span> <span class='ocrx_word' id='word_1_310' title='bbox 1223 3916 1389 3978; x_wconf 90' lang='lat' dir='ltr'><strong>tabularum</strong></span> 
     </span>
     <span class='ocr_line' id='line_1_36' title="bbox 218 4006 1390 4096; baseline 0.004 -26"><span class='ocrx_word' id='word_1_311' title='bbox 218 4013 424 4091; x_wconf 87' lang='lat' dir='ltr'><strong>interpretatio</strong></span> <span class='ocrx_word' id='word_1_312' title='bbox 452 4006 505 4092; x_wconf 87' lang='lat' dir='ltr'><strong>(ll.</strong></span> <span class='ocrx_word' id='word_1_313' title='bbox 534 4032 561 4091; x_wconf 93' lang='lat' dir='ltr'><strong>p.</strong></span> <span class='ocrx_word' id='word_1_314' title='bbox 586 4006 656 4094; x_wconf 87' lang='grc'>58).</span> <span class='ocrx_word' id='word_1_315' title='bbox 710 4006 745 4093; x_wconf 90' lang='grc'><strong>2)</strong></span> <span class='ocrx_word' id='word_1_316' title='bbox 779 4014 968 4090; x_wconf 88' lang='lat' dir='ltr'><strong>antiquitates</strong></span> <span class='ocrx_word' id='word_1_317' title='bbox 997 4008 1049 4094; x_wconf 85' lang='lat' dir='ltr'><strong>(H.</strong></span> <span class='ocrx_word' id='word_1_318' title='bbox 1078 4033 1106 4094; x_wconf 93' lang='lat' dir='ltr'><strong>p.</strong></span> <span class='ocrx_word' id='word_1_319' title='bbox 1126 4010 1197 4096; x_wconf 87' lang='grc'>56).</span> <span class='ocrx_word' id='word_1_320' title='bbox 1247 4011 1282 4095; x_wconf 88' lang='grc'><strong>3)</strong></span> <span class='ocrx_word' id='word_1_321' title='bbox 1314 4015 1390 4075; x_wconf 91' lang='lat' dir='ltr'><strong>liber</strong></span> 
     </span>
    </p>
   </div>
   <div class='ocr_carea' id='block_1_6' title="bbox 218 4189 1388 4498">
    <p class='ocr_par' dir='ltr' id='par_1_7' title="bbox 218 4189 1388 4498">
     <span class='ocr_line' id='line_1_37' title="bbox 291 4189 1388 4262; baseline 0.005 -18"><span class='ocrx_word' id='word_1_322' title='bbox 291 4194 316 4259; x_wconf 89' lang='lat'><strong>1)</strong></span> <span class='ocrx_word' id='word_1_323' title='bbox 337 4189 376 4245; x_wconf 84' lang='lat' dir='ltr'><strong>cf.</strong></span> <span class='ocrx_word' id='word_1_324' title='bbox 396 4191 472 4246; x_wconf 85' lang='lat' dir='ltr'><strong>Bake</strong></span> <span class='ocrx_word' id='word_1_325' title='bbox 491 4190 520 4246; x_wconf 89' lang='lat' dir='ltr'><strong>in</strong></span> <span class='ocrx_word' id='word_1_326' title='bbox 539 4191 610 4247; x_wconf 94' lang='lat' dir='ltr'><strong>Bibl.</strong></span> <span class='ocrx_word' id='word_1_327' title='bbox 630 4191 691 4246; x_wconf 81' lang='lat' dir='ltr'><strong>orit.</strong></span> <span class='ocrx_word' id='word_1_328' title='bbox 711 4207 786 4246; x_wconf 89' lang='lat' dir='ltr'><strong>noua</strong></span> <span class='ocrx_word' id='word_1_329' title='bbox 803 4191 816 4244; x_wconf 94' lang='lat' dir='ltr'>I</span> <span class='ocrx_word' id='word_1_330' title='bbox 834 4211 860 4262; x_wconf 86' lang='lat' dir='ltr'><strong>p.</strong></span> <span class='ocrx_word' id='word_1_331' title='bbox 883 4199 941 4249; x_wconf 85' lang='lat'><strong>136.</strong></span> <span class='ocrx_word' id='word_1_332' title='bbox 1012 4198 1039 4262; x_wconf 80' lang='lat'><strong>2)</strong></span> <span class='ocrx_word' id='word_1_333' title='bbox 1058 4197 1099 4250; x_wconf 90' lang='lat' dir='ltr'><strong>De</strong></span> <span class='ocrx_word' id='word_1_334' title='bbox 1119 4193 1192 4249; x_wconf 85' lang='lat' dir='ltr'><strong>Aelii</strong></span> <span class='ocrx_word' id='word_1_335' title='bbox 1210 4194 1388 4262; x_wconf 81' lang='lat' dir='ltr'><strong>antiquitatis</strong></span> 
     </span>
     <span class='ocr_line' id='line_1_38' title="bbox 218 4270 1387 4344; baseline 0.005 -20"><span class='ocrx_word' id='word_1_336' title='bbox 218 4271 318 4324; x_wconf 82' lang='lat' dir='ltr'><strong>studiis</strong></span> <span class='ocrx_word' id='word_1_337' title='bbox 338 4271 371 4325; x_wconf 85' lang='lat' dir='ltr'><strong>cf.</strong></span> <span class='ocrx_word' id='word_1_338' title='bbox 388 4270 478 4324; x_wconf 81' lang='lat' dir='ltr'><strong>‘oliam</strong></span> <span class='ocrx_word' id='word_1_339' title='bbox 497 4270 531 4323; x_wconf 91' lang='lat' dir='ltr'><strong>de</strong></span> <span class='ocrx_word' id='word_1_340' title='bbox 551 4273 621 4325; x_wconf 85' lang='lat' dir='ltr'><strong>orat.</strong></span> <span class='ocrx_word' id='word_1_341' title='bbox 640 4270 653 4323; x_wconf 96' lang='lat' dir='ltr'>I</span> <span class='ocrx_word' id='word_1_342' title='bbox 671 4277 686 4337; x_wconf 66' lang='grc' dir='ltr'><strong>ξ</strong></span> <span class='ocrx_word' id='word_1_343' title='bbox 702 4277 752 4327; x_wconf 87' lang='grc'><strong>193</strong></span> <span class='ocrx_word' id='word_1_344' title='bbox 772 4300 806 4319; x_wconf 90' lang='lat'>=</span> <span class='ocrx_word' id='word_1_345' title='bbox 824 4274 889 4329; x_wconf 81' lang='lat' dir='ltr'><strong>test.</strong></span> <span class='ocrx_word' id='word_1_346' title='bbox 911 4279 943 4328; x_wconf 84' lang='lat'><strong>18</strong></span> <span class='ocrx_word' id='word_1_347' title='bbox 963 4290 1026 4328; x_wconf 89' lang='lat' dir='ltr'><strong>cam</strong></span> <span class='ocrx_word' id='word_1_348' title='bbox 1045 4275 1109 4331; x_wconf 87' lang='lat' dir='ltr'><strong>adn.</strong></span> <span class='ocrx_word' id='word_1_349' title='bbox 1183 4277 1209 4344; x_wconf 87' lang='lat'><strong>3)</strong></span> <span class='ocrx_word' id='word_1_350' title='bbox 1230 4275 1344 4333; x_wconf 79' lang='lat' dir='ltr'><strong>Bruti.</strong></span> <span class='ocrx_word' id='word_1_351' title='bbox 1365 4294 1387 4331; x_wconf 90' lang='lat' dir='ltr'><strong>c.</strong></span> 
     </span>
     <span class='ocr_line' id='line_1_39' title="bbox 218 4349 1387 4418; baseline 0.003 -16"><span class='ocrx_word' id='word_1_352' title='bbox 218 4353 245 4418; x_wconf 81' lang='lat'><strong>4)</strong></span> <span class='ocrx_word' id='word_1_353' title='bbox 280 4349 380 4404; x_wconf 83' lang='lat' dir='ltr'><strong>Orator</strong></span> <span class='ocrx_word' id='word_1_354' title='bbox 411 4367 460 4406; x_wconf 82' lang='lat' dir='ltr'><strong>aec</strong></span> <span class='ocrx_word' id='word_1_355' title='bbox 491 4351 598 4404; x_wconf 67' lang='lat' dir='ltr'><strong>maduit</strong></span> <span class='ocrx_word' id='word_1_356' title='bbox 624 4367 673 4406; x_wconf 83' lang='lat' dir='ltr'><strong>aa:</strong></span> <span class='ocrx_word' id='word_1_357' title='bbox 698 4353 762 4418; x_wconf 79' lang='lat' dir='ltr'><strong>fait.</strong></span> <span class='ocrx_word' id='word_1_358' title='bbox 793 4383 824 4392; x_wconf 92' lang='lat'>-</span> <span class='ocrx_word' id='word_1_359' title='bbox 858 4355 993 4410; x_wconf 83' lang='lat' dir='ltr'><strong>Aeliaaae</strong></span> <span class='ocrx_word' id='word_1_360' title='bbox 1025 4355 1113 4409; x_wconf 83' lang='lat' dir='ltr'><strong>leaeo</strong></span> <span class='ocrx_word' id='word_1_361' title='bbox 1140 4357 1387 4411; x_wconf 76' lang='lat' dir='ltr'><strong>oratiunculae.</strong></span> 
     </span>
     <span class='ocr_line' id='line_1_40' title="bbox 218 4427 529 4498; baseline -0.003 -16"><span class='ocrx_word' id='word_1_362' title='bbox 218 4431 246 4498; x_wconf 80' lang='lat'><strong>5)</strong></span> <span class='ocrx_word' id='word_1_363' title='bbox 263 4427 375 4483; x_wconf 80' lang='lat' dir='ltr'><strong>Heurde</strong></span> <span class='ocrx_word' id='word_1_364' title='bbox 392 4448 419 4498; x_wconf 94' lang='lat' dir='ltr'><strong>p.</strong></span> <span class='ocrx_word' id='word_1_365' title='bbox 439 4435 473 4483; x_wconf 78' lang='lat'><strong>52</strong></span> <span class='ocrx_word' id='word_1_366' title='bbox 489 4447 529 4497; x_wconf 90' lang='lat' dir='ltr'><strong>sq.</strong></span> 
     </span>
    </p>
   </div>
   <div class='ocr_carea' id='block_1_7' title="bbox 271 4527 642 4570">
    <p class='ocr_par' dir='ltr' id='par_1_8' title="bbox 271 4527 642 4570">
     <span class='ocr_line' id='line_1_41' title="bbox 271 4527 642 4570; baseline 0.008 -4"><span class='ocrx_word' id='word_1_367' title='bbox 271 4527 449 4570; x_wconf 74' lang='lat' dir='ltr'><strong>Dissertationes</strong></span> <span class='ocrx_word' id='word_1_368' title='bbox 464 4530 579 4568; x_wconf 82' lang='lat' dir='ltr'><strong>Ienenses.</strong></span> <span class='ocrx_word' id='word_1_369' title='bbox 602 4530 642 4569; x_wconf 88' lang='lat' dir='ltr'><strong>IV.</strong></span> 
     </span>
    </p>
   </div>
   <div class='ocr_carea' id='block_1_8' title="bbox 0 0 1632 5032">
    <p class='ocr_par' dir='ltr' id='par_1_9' title="bbox 0 0 1632 5032">
     <span class='ocr_line' id='line_1_42' title="bbox 0 0 1632 5032; baseline 0 1"><span class='ocrx_word' id='word_1_370' title='bbox 0 0 1632 5032; x_wconf 95' lang='lat' dir='ltr'><strong> </strong></span> 
     </span>
    </p>
   </div>
  </div>
 </body>
</html>
