3254 5032
655 335 872 399 „19-

176 505 292 577 uiginti
313 504 378 562 eius
402 519 467 562 esse
488 504 567 561 33131
590 493 799 558 existimauit?
836 494 1069 556 continebantur
1088 498 1178 573 igitur
1198 495 1256 556 illis
1275 496 1348 556 indi-

175 599 263 659 cibus
287 618 338 660 333
363 597 493 678 fabulae,
522 614 596 676 qnae
626 594 706 655 Aelio
735 596 881 671 genuinae
908 593 1087 654 uidebantur
1115 612 1194 674 esse,
1223 596 1349 654 13113333

176 699 268 756 etiam
298 699 431 776 spuriae,
462 695 513 755 sed
539 693 593 753 bae
624 700 705 752 certe
729 709 744 748 a
772 693 909 770 genuinis
938 693 1088 751 seiunctae
1121 685 1173 774 (cl.
1196 691 1351 752 Ritscbelii

175 793 306 873 Parerga
317 788 425 876 p.91);
440 812 513 872 quas
528 800 626 852 tamen
641 790 784 868 genuinas
793 788 980 868 indicauerit,
994 807 1074 850 nunc
1088 791 1220 868 exceptis
1235 789 1350 851 duabus

175 911 239 952 non
267 894 324 952 iam
353 893 554 970 assequimur:
578 890 698 966 agnouit
726 889 805 946 enim
831 884 1069 946 Faeneratricem
1094 879 1142 968 (11.
1162 882 1234 968 42),
1262 905 1350 966 33313

175 988 271 1049 Varro
297 990 421 1050 sortasse
445 988 627 1068 repudiauit,
650 994 681 1044 et
703 982 882 1043 Pseudolum
905 979 1071 1064 (133120).

269 1087 366 1165 Super
390 1086 648 1146 commentario
668 1082 708 1140 de
728 1080 932 1160 proloquiis
951 1082 1008 1140 iam
1027 1100 1055 1159 p.
1073 1079 1110 1141 11
1132 1081 1271 1142 nonnulla
1291 1082 1350 1144 dis·

174 1185 338 1263 sernimus,
363 1193 396 1245 ut
419 1183 467 1244 hic
490 1183 645 1243 breuiores
665 1197 730 1240 esse
752 1180 908 1256 possimus
946 1178 988 1237 Ac
1007 1196 1044 1238 ne
1063 1178 1112 1238 bic
1132 1179 1251 1258 quidem
1275 1178 1350 1239 liber

175 1291 303 1361 excepto
333 1282 418 1342 Gellii
448 1281 512 1342 loco
546 1274 625 1360 (XVl
649 1272 683 1359 8)
713 1294 844 1354 nsquam
868 1286 1116 1336 commemoratur
1144 1284 1233 1354 atque
1261 1277 1350 1338 buius

175 1382 335 1459 scriptoris
352 1378 542 1458 -temporibus
570 1378 626 1435 iam
650 1373 723 1434 adeo
747 1372 899 1433 obsoletus
923 1382 986 1432 erat
1009 1382 1097 1452 atque
1124 1393 1181 1434 usu
1208 1382 1350 1453 remotus,

175 1486 212 1537 ut
235 1480 263 1537 31
285 1479 417 1538 studiose
437 1474 625 1554 quaerendus
644 1481 731 1532 esset.
768 1469 881 1548 Agebat
904 1479 1002 1532 autem
1021 1471 1121 1532 Aelius
1140 1470 1216 1532 libro
1235 1470 1294 1552 illo,
1318 1481 1351 1533 ut

175 1594 268 1654 supra
292 1575 433 1653 diximus,
457 1574 493 1633 de
517 1571 678 1632 uerborum
702 1570 923 1648 compositione.

268 1672 459 1734 Orationes
483 1673 547 1730 eius
571 1663 621 1748 (de
646 1666 754 1746 quibus
777 1666 814 1724 cl.
834 1667 921 1724 etiam
946 1663 1011 1742 p.8
1030 1661 1132 1749 3117)
1157 1667 1280 1728 dubium
1304 1676 1350 1728 est

178 1788 250 1830 nom
270 1771 453 1849 3111333131,
477 1769 652 1846 praesertim
672 1783 740 1824 cnm
764 1765 862 1840 magni
884 1765 974 1841 pretii
993 1783 1052 1824 non
1072 1765 1230 1826 uideantur
1249 1768 1350 1828 luisse.

267 1866 426 1927 Praeterea
449 1864 550 1926 Aelius
574 1863 647 1924 Stilo
672 1861 835 1922 secundum
860 1859 1039 1922 Frontonem
1064 1857 1350 1944 (1331.25)Μ313111

175 1963 328 2024 Numidici
346 1963 439 2024 libros
458 1954 657 2042 descripsit1),
680 1960 708 2020 b.
724 1977 749 2018 3.
773 1959 977 2018 recensionem
997 1960 1067 2020 lecit
1086 1979 1198 2023 eorum.
1234 1962 1278 2021 113
1292 1981 1350 2042 333

177 2064 355 2125 recensione
369 2059 480 2120 Gellius
495 2060 620 2118 13113333
635 2075 668 2117 33
683 2058 789 2136 bausit,
805 2073 879 2134 qnae
896 2075 911 2115 3
926 2055 1035 2116 Metelli
1049 2059 1233 2120 orationibus
1247 2069 1277 2121 31
1291 2063 1350 2139 epi-

177 2157 266 2218 stulis
281 2159 366 2218 311311
381 2154 432 2238 (cl.
452 2156 502 2216 Vll
519 2154 568 2217 11.
588 2152 666 2213 llVll
684 2151 714 2233 2,
726 2149 768 2234 i).
801 2152 843 2212 Cf.
858 2151 967 2234 Meyer,
982 2154 1061 2215 0131..
1076 2157 1159 2217 Rom.
1174 2151 1351 2236 fragmenta²

176 2276 207 2334 p.
223 2252 406 2316 272—277.
444 2255 546 2332 Neque
566 2262 664 2313 tamen
684 2251 878 2327 descripsisse
903 2250 997 2312 solum
1018 2253 1137 2312 uidetur
1155 2255 1256 2314 Aelius
1268 2254 1349 2328 ¹Stilo

175 2353 235 2412 hos
262 2352 354 2412 libros
379 2353 430 2413 nel
454 2353 654 2428 recensuisse,
684 2348 734 2407 sed
765 2349 851 2406 etiam
880 2347 1076 2427 perpolinisse
1104 2360 1192 2429 31333
1220 2355 1351 2430 aptiores

177 2451 287 2510 1331333
311 2449 346 2508 ad
370 2448 536 2528 legendum,
560 2456 593 2508 31
615 2446 679 2507 1333
703 2463 745 2524 33,
769 2463 856 2523 quarn
881 2445 992 2507 Gellius
1016 2441 1210 2529 (1111112,1)
1234 2448 1350 2508 Metello

176 2549 326 2626 impertit,
350 2555 431 2607 certe
455 2546 551 2624 aliqua
575 2552 717 2622 exparte
742 2543 777 2602 ad
801 2542 916 2603 Aelium
938 2546 977 2604 sit
999 2544 1163 2604 referenda.
1191 2577 1227 2586 —
1254 2546 1349 2625 Atque

176 2644 216 2704 de
241 2644 297 2704 his
320 2643 393 2704 Aelii
416 2643 501 2704 libris
523 2643 596 2702 baec
619 2641 772 2700 hactenus.

268 2741 389 2802 Praeter
409 2760 484 2821 3333
504 2749 537 2801 31
557 2741 644 2799 311331
668 2737 759 2797 31133
782 2756 849 2798 3313
871 2741 1027 2816 scripsisse
1051 2739 1267 2800 contenderent
1286 2743 1349 2800 sine

177 2838 270 2898 dubio
294 2858 330 2898 eo
354 2841 412 2898 uiri
436 2838 516 2898 docti
539 2838 679 2897 commoti
702 2844 784 2913 sunt,
813 2835 892 2913 quod
921 2854 990 2896 sane
1020 2834 1110 2896 multa
1140 2839 1204 2896 eius
1232 2846 1350 2899 exstant

178 2937 343 3014 fragmenta
366 2955 441 3014 quae
466 2937 501 3004 ad
525 2935 639 2996 nullum
663 2952 766 2994 eorum
786 2952 861 3012 qnos
880 2935 966 2994 modo
986 2936 1241 2997 considerauimus
1260 2937 1348 2997 libro·

178 3052 247 3093 rum
266 3037 402 3094 reuocari
420 3042 554 3112 possunt.
589 3032 741 3102 Quomodo
765 3033 844 3091 enim
868 3033 1030 3110 fragmenta
1048 3033 1096 3093 illa
1116 3033 1308 3113 etymologica
1332 3055 1348 3094 e

177 3132 293 3210 Plauto,
312 3130 442 3209 1113313,
461 3129 566 3210 Ennio,
584 3128 648 3188 31113
667 3138 784 3208 sumpta
803 3129 850 3190 nel
870 3132 901 3190 in
919 3131 1164 3207 interpretatione
1184 3134 1348 3192 carminum

179 3229 337 3288 Saliarium
366 3223 556 3306 (praesertim
584 3243 652 3285 cum
680 3226 727 3286 1113
757 3222 843 3288 ‘exili
863 3231 967 3288 littero
990 3224 1148 3304 expedita'
1174 3225 1266 3311 esset)
1301 3229 1349 3290 uel

178 3328 210 3384 in
230 3324 378 3386 indicibus
395 3325 539 3385 Plautinis
554 3323 603 3383 uel
617 3325 647 3382 in
663 3327 874 3384 commentario
894 3325 930 3384 de
946 3324 1110 3404 proloquiis
1130 3335 1245 3386 exstare
1264 3335 1348 3406 potn-

177 3419 290 3482 erunt?
316 3422 417 3501 ltaque
432 3439 523 3482 unum
539 3421 588 3481 uel
602 3419 703 3500 plures
718 3431 870 3500 praeterea
885 3421 976 3481 libros
991 3424 1147 3500 scripsisse
1161 3424 1262 3484 Aelius
1276 3426 1349 3485 mibi

180 3537 301 3598 quoque
321 3519 454 3580 uidetur:
472 3519 501 3578 id
522 3517 617 3578 solum
636 3521 799 3598 quaeritur,
819 3538 907 3596 quem
927 3528 957 3579 et
976 3527 1049 3598 3331
1062 3520 1179 3581 illorum
1195 3521 1348 3603 libroruin,

178 3636 256 3695 quos
277 3619 334 3677 uiri
352 3617 432 3676 docti
452 3635 515 3676 eam
530 3615 567 3675 ob
583 3634 647 3674 rem
662 3619 689 3676 31
709 3620 858 3696 assignare
878 3617 1047 3696 uoluerunt,
1066 3637 1171 3680 reuera
1186 3621 1349 3696 scripserit.

268 3714 306 3776 Et
337 3715 631 3774 commentarium
659 3714 778 3791 quidem
807 3715 848 3775 de
876 3714 927 3774 llll
955 3715 1104 3802 tabulis,
1138 3735 1226 3792 quem
1259 3735 1348 3794 supra

178 3811 338 3873 dubiorum
349 3814 446 3891 primo
457 3813 611 3892 posuimus
622 3810 697 3891 loco,
707 3820 825 3889 praeter
835 3812 999 3872 Heusdium
1010 3815 1039 3872 ei
1048 3812 1219 3872 tribuerunt
1228 3813 1348 3874 Lersclr.

253 4008 279 4076 1)
299 4008 375 4062 Inter
394 4011 550 4079 complures
570 4008 644 4062 enim
664 4005 727 4061 illos
747 4008 881 4074 homines,
901 4008 950 4077 qni
964 4025 981 4062 a
995 4010 1136 4064 Frontone
1151 4015 1348 4080 memorantur,

179 4087 324 4142 Metellum
344 4087 424 4142 illum
445 4105 518 4157 esse,
539 4090 617 4144 cuius
636 4087 722 4141 libros
743 4087 814 4142 Stilo
834 4089 991 4157 descripsit,
1010 4088 1137 4142 amicitia
1154 4089 1212 4158 illa,
1231 4108 1302 4158 quae
1322 4092 1348 4145 ei

178 4184 242 4220 cum
260 4165 310 4221 illo
325 4168 531 4234 intercedebat,
550 4168 610 4221 ueri
629 4168 660 4221 lit
679 4167 860 4223 simillimum.
898 4167 995 4235 Neque
1015 4169 1104 4224 solum
1124 4169 1158 4222 de
1177 4169 1349 4225 orationibus

177 4246 287 4300 Metelli
310 4248 489 4318 cogitandum
514 4264 587 4316 3333,
611 4251 643 4301 31
661 4247 771 4302 Lerseb.
796 4249 969 4315 1333131,
994 4248 1041 4300 sed
1065 4248 1177 4301 omnino
1202 4249 1235 4303 de
1259 4251 1347 4317 libris,

178 4343 192 4385 3
211 4325 297 4381 Gellii
319 4325 381 4381 loco
408 4325 484 4381 XVII
503 4331 532 4394 2,
556 4334 570 4380 ‘l
595 4329 725 4397 apparet,
753 4327 803 4380 nbi
826 4326 949 4398 epistola
967 4325 1027 4382 eius
1045 4327 1087 4382 113
1106 4333 1346 4400 commemoratur,

175 4404 334 4460 3111311133
353 4423 414 4460 eam
433 4406 535 4474 legisse
553 4407 690 4462 uideatur.

1098 4499 1133 4550 2*
