3254 5032
758 342 1045 448 -aass

283 544 442 604 Frontonis
458 539 539 627 (test.
554 539 621 626 25),
636 545 687 606 ubi
702 547 825 625 insuper
839 547 960 608 Plautus
975 567 1012 608 ne
1027 556 1275 610 commemoratur
1291 551 1408 630 quidem
1424 560 1456 612 et

282 641 334 702 ubi
353 642 466 702 Aelium
487 642 618 722 Scipioni
642 653 671 703 et
690 643 768 703 'litio
792 663 911 724 operam
938 647 1053 708 dedisse
1074 650 1193 708 minime
1213 649 1332 709 disertis
1352 649 1456 710 uerbis

284 739 425 819 traditur,
454 740 504 800 scd
534 739 632 819 colligi
660 741 755 801 solum
779 751 890 821 potest,
914 752 1012 806 tamen
1036 747 1118 807 nolui
1142 745 1258 807 silentio
1282 749 1455 830 praeterire,

284 838 363 916 quod
388 837 551 898 secundum
578 838 713 898 Suetonii
736 838 878 902 librorum
903 842 939 902 de
963 846 1036 904 uiris
1059 843 1235 904 inlustribus
1256 845 1454 923 fragmentum

284 933 374 995 108*
390 934 423 995 R.
440 961 481 984 =
497 943 563 996 test.
579 933 621 996 26
641 955 708 996 cum
724 936 854 998 Varrone
880 948 909 1000 et
929 940 1031 1001 Sinnio
1056 942 1196 1021 Capitone
1215 945 1293 1002 inter
1312 961 1363 1002 eos
1382 950 1456 1024 erat,

285 1034 337 1111 qui
366 1034 484 1093 criticas
515 1034 651 1094 lecerunt
679 1034 884 1096 adnotationes
904 1038 946 1113 ,ad
971 1038 1071 1120 Ennii,
1099 1039 1218 1118 Lucilii,
1243 1039 1455 1101 historicorum

284 1129 384 1190 libros
430 1129 533 1208 ltaque
562 1133 587 1191 si
616 1133 735 1191 omnino
763 1131 871 1192 talibus
895 1137 1021 1212 negotiis
1050 1153 1169 1215 operam
1198 1135 1298 1215 dabat,
1328 1137 1454 1198 sortasse

283 1229 372 1288 etiam
394 1227 498 1287 Plauto
522 1236 551 1288 et
570 1228 647 1289 Titio
666 1248 786 1309 operam
809 1226 971 1312 narrauit.1)
1009 1232 1051 1292 Ex
1075 1231 1272 1311 scriptoribus
1291 1241 1388 1293 autem
1408 1236 1454 1315 iis,

284 1327 336 1403 qui
359 1324 435 1404 apud
462 1324 637 1386 Suetonium
661 1336 883 1408 enumerantur,
906 1328 1052 1410 Lucillam,
1076 1347 1204 1408 quocum
1230 1329 1303 1390 Stilo
1327 1329 1454 1391 amicitia

283 1424 459 1482 coniunctus
488 1431 566 1504 erat,
595 1426 620 1484 is
644 1425 716 1484 milri
739 1426 860 1486 uidetur
883 1444 961 1507 esse,
989 1429 1075 1486 carius
1098 1427 1189 1486 libros
1209 1429 1310 1488 critica
1334 1428 1453 1488 adnota-

283 1521 361 1580 tione
386 1521 513 1582 ornauit.
531 1555 575 1564 —-
594 1521 697 1583 Restat
720 1522 813 1583 liber
837 1523 885 1582 ille
909 1524 1178 1606 grammaticus,
1197 1543 1286 1603 quem
1304 1523 1455 1587 Heusdius

283 1611 324 1702 (p.
340 1611 397 1700 60)
413 1619 495 1679 Aelio
515 1620 666 1680 uindicare
687 1621 761 1701 nult,
785 1621 863 1700 quod
880 1616 972 1700 ‘apud
988 1623 1193 1699 grammaticos
1208 1622 1282 1682 Aelii
1301 1625 1456 1684 inuenitur

283 1719 428 1777 sententia
453 1716 489 1775 de
513 1716 614 1793 rebus,
637 1736 712 1796 quac
737 1719 770 1779 ad
797 1721 1017 1798 grammaticam
1041 1728 1133 1779 artem
1153 1716 1330 1798 pertinent'.
1372 1722 1455 1793 Quae

284 1834 352 1875 cum
378 1815 491 1876 diceret
512 1811 672 1896 Heusdius,
696 1825 837 1894 quattuor
855 1817 936 1877 locos
955 1816 1075 1876 uidetur
1094 1819 1274 1894 respexisse:
1293 1818 1370 1897 apud
1385 1817 1454 1878 Var-

284 1931 387 1972 ronem
403 1912 438 1973 de
454 1913 471 1973 l.
486 1911 549 1973 Lat.
564 1911 600 1972 Vl
616 1909 657 1974 59
678 1922 719 1962 '=
736 1922 802 1976 test.
818 1912 868 1996 21,
884 1914 961 1995 apud
976 1914 1101 1974 Gellium
1120 1912 1244 1994 V21,6
1261 1943 1302 1964 =
1321 1923 1387 1977 test.
1402 1913 1457 1997 22,

272 2011 360 2096 ¹apud
385 2010 551 2070 Charisium
575 2010 644 2070 lnst.
669 2029 712 2089 gr.
736 2010 748 2070 l
771 2029 799 2090 p.
818 2009 861 2072 84
889 2022 916 2073 et
944 2007 1061 2094 129s30
1075 2011 1109 2071 ll.
1134 2039 1176 2060 =
1200 2013 1254 2091 lrg.
1280 2010 1321 2073 16
1349 2020 1379 2072 et
1402 2011 1455 2094 33,

285 2109 337 2186 qui
360 2125 430 2166 sane
453 2105 577 2166 multum
603 2107 743 2168 differunt
762 2126 777 2167 a
797 2111 904 2167 ceteris
924 2109 998 2168 Aelii
1017 2110 1198 2186 fragmentis7
1217 2128 1292 2188 quae
1311 2121 1455 2189 quantum
1556 2188 1559 2194 Ι

282 2205 434 2284 potuimus
462 2202 586 2280 singulis
615 2202 698 2263 libris
726 2205 916 2266 inseruimus.
964 2204 1021 2265 Sed
1050 2213 1083 2265 ut
1111 2209 1243 2267 omittam
1271 2210 1400 2287 primum
1425 2216 1455 2269 et

284 2301 409 2362 alterum
425 2301 524 2361 locum
538 2320 597 2389 non
612 2302 775 2380 fragmenta
793 2321 866 2384 esse,
884 2303 936 2362 sed
953 2305 1118 2363 testimonia
1135 2299 1185 2385 (cl.
1202 2294 1267 2365 adn.
1283 2305 1318 2365 ad
1334 2314 1400 2366 test.
1410 2304 1452 2367 21

284 2407 314 2460 et
327 2392 395 2481 22),
414 2417 448 2458 ea
467 2417 542 2477 quae
561 2399 619 2459 illis
639 2408 779 2478 quattuor
798 2401 870 2461 locis
890 2408 1055 2462 tractantur
1076 2403 1162 2461 etiam
1182 2403 1213 2462 in
1232 2402 1307 2463 libro
1327 2403 1455 2482 quodam

284 2495 478 2576 etymologico
498 2498 625 2557 strictim
646 2498 751 2575 attingi
768 2506 940 2579 potuerunt,
959 2500 1135 2578 praesertim
1150 2517 1218 2559 cum
1232 2499 1268 2560 de
1288 2500 1357 2561 libri
1375 2500 1454 2562 illius

284 2595 382 2656 indole
412 2594 486 2655 nihil
514 2596 625 2656 certius
654 2595 739 2655 nobis
767 2596 909 2657 traditum
937 2598 983 2657 sit.
1028 2595 1163 2679 Accedit,
1192 2598 1270 2676 quod
1299 2598 1371 2659 locis
1396 2598 1455 2658 illis

285 2693 420 2773 Charisii,
444 2709 571 2771 quorum
594 2691 642 2753 ille
667 2692 792 2754 alterum
815 2713 830 2754 e
851 2694 984 2776 Romani,
1003 2692 1127 2756 alterum
1147 2713 1183 2754 ex
1203 2694 1277 2756 alius
1301 2696 1454 2756 cuiusdam

285 2791 448 2870 scriptoris,
471 2797 552 2850 certe
571 2807 631 2850 non
646 2790 778 2872 Stilonis,
797 2793 954 2871 exscripsit
972 2792 1057 2874 libro,
1081 2791 1164 2852 lacile
1180 2793 1363 2874 etymologia,
1381 2813 1455 2874 quae

285 2887 354 2947 olim
378 2887 454 2966 apud
473 2887 589 2948 Aelium
612 2890 779 2968 exstiterat,
805 2896 903 2968 potest
926 2892 1033 2950 omissa
1057 2883 1166 2972 essai)
1198 2890 1299 2969 ltaque
1323 2892 1382 2951 duo
1406 2892 1455 2952 illa

286 2986 451 3063 fragmenta
478 2983 555 3045 libro
584 2984 776 3066 etymologico
800 2995 872 3066 puto
896 2986 1071 3048 uindicanda
1095 3005 1161 3047 esse
1185 3005 1281 3067 neque
1305 2989 1342 3049 de
1365 3008 1454 3069 pecu·

285 3083 350 3142 llari
373 3082 448 3142 libro
473 3085 663 3161 grammatico
688 3084 886 3162 cogitandum.

373 3179 455 3240 Libri
464 3182 555 3260 igitur
566 3180 638 3241 Aelii
650 3181 771 3242 Stilonis
787 3201 849 3242 mea
865 3183 984 3262 quidem
1000 3185 1145 3243 sententia
1157 3183 1281 3246 bisunt:
1298 3179 1331 3267 1)
1343 3188 1455 3247 inter·

285 3279 447 3359 pretatio
471 3281 666 3339 carminum
690 3280 889 3341 Saliarium.
922 3273 957 3363 2)
981 3281 1121 3340 indices
1144 3280 1270 3342 Plauti.
1307 3277 1341 3363 3)
1364 3301 1455 3342 com-

286 3377 484 3435 mentarius
500 3376 540 3436 de
554 3376 764 3456 proloquiis.
788 3370 823 3459 4)
843 3380 1027 3438 orationes
1047 3378 1194 3458 aliquot.
1218 3375 1252 3459 5)
1273 3378 1365 3440 liber
1380 3389 1454 3461 ety-

287 3473 484 3552 mologicus
495 3466 596 3556 (cuius
604 3477 827 3554 inscriptionem
836 3468 1009 3557 nescimus).
1023 3471 1057 3556 6)
1067 3480 1299 3538 recensiones
1312 3478 1455 3539 librorum

287 3570 428 3631 MetelliN
432 3570 552 3631 umidici
563 3580 592 3632 et
599 3571 704 3632 Lucilii
715 3575 881 3653 satirarum,
893 3573 1018 3634 tortasse
1027 3576 1114 3634 etiam
1123 3575 1270 3654 Scipionis
1280 3578 1456 3638 orationum.

376 3666 478 3728 Restat
498 3674 531 3728 ut
550 3687 566 3727 a
585 3670 762 3747 quibusnam
787 3669 982 3748 scriptoribus
1001 3670 1044 3731 illi
1063 3671 1137 3734 Aelii
1159 3671 1227 3732 libri
1246 3672 1369 3732 adhibiti
1388 3675 1457 3754 sint,

287 3767 389 3844 paucis
413 3765 635 3848 adumbrcmus,
660 3784 716 3845 qua
740 3767 776 3826 de
800 3770 971 3846 quaestione
996 3788 1064 3830 cum
1087 3769 1123 3828 ab
1146 3771 1196 3849 iis,
1222 3772 1273 3848 qui
1297 3771 1333 3830 de
1357 3779 1455 3847 poste·

287 3865 400 3924 riorum
419 3866 677 3943 grammaticorum
697 3865 829 3926 lontibus
848 3865 1085 3946 disputauerunt,
1105 3867 1250 3946 permulta
1268 3869 1456 3945 sagacissime

288 3959 439 4021 enucleata
464 3963 532 4042 sint,
555 3961 628 4021 nibil
653 3961 724 4020 mibi
749 3962 914 4022 laciendum
934 3972 987 4042 est,
1011 3965 1067 4023 nisi
1087 3970 1120 4023 ut
1140 3983 1171 4024 ea
1192 3965 1325 4044 dispersa
1344 3983 1377 4025 ac
1397 3965 1456 4024 dis-

288 4061 380 4139 sipata
403 4062 434 4119 in
457 4076 550 4119 unum
573 4077 738 4138 congeram.

381 4155 635 4218 Commemoratur
651 4158 750 4218 delius
767 4157 841 4219 Stilo
863 4177 878 4219 a
894 4157 1033 4235 Varrone,
1053 4156 1208 4240 Cicerone,
1224 4158 1326 4218 Verrio
1341 4159 1457 4243 Flacco,

290 4253 384 4314 Plinio
400 4257 519 4335 maiore,
538 4255 726 4336 Quintiliano,
742 4255 894 4337 Suetonio,
908 4255 1067 4335 Frontone,
1082 4255 1184 4338 Gellio,
1198 4256 1302 4337 Nonio,
1316 4258 1456 4336 Arnobio,

364 4463 390 4530 1)
409 4458 449 4514 cf.
469 4459 580 4527 Osann,
599 4460 680 4516 Anal.
701 4460 761 4515 crit.
781 4479 807 4530 p.
825 4466 882 4516 toa.
956 4468 983 4529 2)
1003 4461 1043 4516 Of.
1062 4461 1117 4515 adn
1146 4463 1182 4516 ad
1200 4461 1252 4532 irg.
1275 4469 1306 4519 16
1326 4467 1355 4519 et
1369 4471 1411 4520 ³³.
